2120 3257
976 164 1028 203 12

233 304 366 348 terum
405 305 450 349 ut
485 305 526 349 in
573 306 752 363 graecis,
789 306 846 350 ita
894 307 935 350 in
974 306 1117 351 latinis
1164 317 1325 364 quoque
1360 303 1616 351 carminibus
1663 303 1778 351 haud

230 395 325 429 raro
362 383 421 436 fit,
459 386 501 429 ut
535 383 729 442 syllabae
764 387 915 430 natura
944 385 1106 437 breves,
1133 388 1308 430 accentu
1333 385 1550 437 oneratae,
1575 385 1776 442 imprimis

231 462 385 520 liquida
422 467 620 521 sequente
657 464 1009 522 producantui·¹).
1049 466 1190 523 Neque
1227 462 1326 511 illud
1366 463 1776 522 praetermittendum

230 545 291 588 est
328 543 517 589 homines
552 543 705 591 latinos
751 546 875 604 ipsos,
924 547 994 604 qui
1032 544 1071 591 id
1107 543 1359 591 vocabulum
1404 557 1429 590 a
1459 543 1567 604 pari
1600 544 1665 590 vel
1698 557 1778 603 pa-

226 624 347 667 rente
381 624 448 682 (h.
487 637 522 668 e.
551 623 820 684 procreante)
857 625 1123 683 derivabant,
1165 626 1414 671 brevitatem
1451 627 1608 684 primae
1647 626 1777 683 sylla-

230 703 306 749 bae
329 706 566 763 agnovisse„
593 706 671 751 nisi
697 705 804 753 forte
828 704 1029 753 obieceris
1054 706 1280 754 latinorum
1304 706 1673 766 grammaticorum
1699 717 1776 752 au-

228 784 463 831 ctoritatem
487 786 529 830 in
565 798 613 831 ea
652 799 694 832 re
733 787 873 846 magni
911 800 992 833 non
1028 799 1119 833 esse
1155 786 1457 843 faciendam2).

356 865 519 920 Quibus
555 868 798 925 praemissis
845 870 929 913 iam
982 871 1170 914 nostram
1218 869 1450 926 opinionem
1500 867 1775 926 proferamuS‚

227 958 306 1004 qua
345 945 595 1005 explicetur,
631 946 833 1006 quomam
872 948 971 995 illae
1009 960 1231 1008 perversae
1269 946 1458 1008 paricidii
1508 946 1620 993 vocis
1667 945 1773 993 deri-

228 1029 418 1073 vationes
454 1030 548 1073 oriri
587 1030 807 1087 potuerint.
844 1032 981 1087 Supra
1019 1029 1195 1075 vidimus
1241 1030 1545 1086 antiquissimis
1581 1028 1772 1086 tempori-

231 1107 306 1153 bus
342 1106 499 1154 Romae
537 1111 700 1155 tantam
736 1122 897 1155 morum
933 1111 1219 1169 integritatem
1254 1109 1399 1166 fuisse,
1447 1111 1490 1154 ut
1528 1122 1597 1168 per
1646 1107 1777 1154 multa

230 1188 403 1234 saecula
439 1201 490 1233 ne
515 1201 624 1235 unus
645 1188 807 1247 quidem
844 1190 957 1236 filius
982 1192 1087 1248 patri
1115 1203 1265 1236 manus
1289 1190 1505 1248 iniecerit3
1530 1190 1655 1235 immo
1682 1200 1777 1232 vero

232 1283 282 1315 ne
343 1269 611 1316 homicidium
663 1270 828 1329 quidem
875 1272 1010 1330 ipsum
1058 1271 1137 1318 nisi
1184 1283 1352 1330 perraro
1399 1269 1590 1328 fiebatss).
1659 1266 1778 1324 Quod

229 1350 263 1395 si
299 1362 443 1399 verum
479 1354 552 1407 est,
610 1354 721 1398 certe
758 1365 906 1398 nomen
959 1366 1121 1411 quoque
1168 1351 1357 1412 paricidii
1392 1351 1445 1398 ad
1492 1350 1663 1397 caedem
1710 1349 1777 1395 dc·

229 1430 479 1489 signandam
539 1432 751 1477 rarissime
822 1434 1024 1479 usitatum
1094 1435 1302 1492 postremo
1359 1433 1417 1478 ita
1477 1431 1683 1478 obsolevit
1738 1428 1779 1476 et

231 1508 418 1569 robigine
464 1509 646 1569 quadam
701 1513 963 1571 antiquitatis
1021 1511 1201 1559 obsitum
1247 1516 1324 1568 est,
1372 1516 1417 1558 ut
1462 1513 1643 1571 genuina
1693 1512 1776 1570 pri-

230 1592 315 1637 oris
352 1594 481 1647 partis
515 1593 603 1639 eius
640 1595 704 1639 vis
740 1596 780 1639 et
826 1593 1077 1653 significatio
1124 1593 1365 1641 hominibus
1412 1593 1556 1639 latinis
1611 1604 1779 1652 prorsus

233 1674 411 1721 obscura
450 1677 645 1722 evaserit.
682 1676 785 1723 Cum
821 1690 917 1723 vero
954 1678 1074 1723 tertio
1109 1680 1206 1723 ante
1252 1676 1349 1724 Chr.
1390 1690 1427 1722 ιι.
1475 1676 1644 1722 saeculo
1691 1675 1780 1734 plu-

231 1757 361 1802 rimae
397 1755 652 1804 Graecorum
690 1756 859 1804 fabulae
894 1759 935 1803 iu
973 1758 1159 1817 linguam
1209 1757 1385 1804 latinam
1419 1759 1779 1809 converterentur,

366 1948 392 1986 ¹)
416 1947 511 1980 cons.
537 1946 759 1979 Christii
786 1948 932 1980 ·‹Metrik
956 1948 1017 1979 der
1040 1947 1209 1979 Griechen
1237 1947 1305 1979 und
1322 1947 1465 1979 Romen
1493 1956 1526 1988 p.
1541 1946 1583 1979 24
1595 1956 1643 1987 sq.
1658 1947 1708 1979 ed.
1733 1945 1780 1978 11.

236 2006 288 2036 Ita
312 2006 400 2046 apud
427 2011 544 2046 poetas
570 2007 699 2037 latinos
723 2007 965 2047 producuntur
1000 2006 1159 2045 syllabae
1195 2010 1323 2037 natura
1358 2007 1477 2038 breves
1501 2008 1537 2036 in
1561 2005 1616 2036 his
1641 2006 1778 2037 verbis:

234 2066 387 2098 relicuus
410 2067 567 2106 (Lucrct.
595 2066 609 2097 Ι
633 2067 726 2106 560),
750 2066 875 2108 religio
898 2067 960 2106 (id.
987 2066 1033 2096 VI
1060 2067 1174 2107 1274),
1196 2066 1364 2108 prologus
1388 2066 1499 2108 (apud
1523 2066 1700 2105 comicos),
1723 2074 1781 2107 po-

235 2126 337 2166 15pus
363 2126 482 2165 (Enn..
508 2137 537 2156 v.
567 2127 600 2157 L.
631 2127 771 2157 Miilleri
795 2127 845 2157 ed.
871 2138 901 2167 p.
923 2126 998 2163 2112
1026 2128 1102 2158 llor.
1142 2127 1247 2167 Epod.
1274 2126 1327 2166 12„
1351 2128 1400 2165 5).
1426 2125 1527 2157 Pauli
1549 2126 1592 2165 (l.
1616 2125 1639 2157 1.
1664 2136 1696 2167 p.
1721 2125 1781 2161 87)

238 2186 541 2217 ‹niinurritiones›
570 2185 659 2216 idem
685 2185 864 2218 declarant
888 2189 991 2226 atque
1016 2185 1228 2217 Graecorum
1254 2183 1442 2225 μινυρισμοίς
1468 2193 1570 2226 porro
1586 2184 1670 2216 ibid.
1696 2194 1728 2225 p.
1741 2184 1782 2215 33

236 2244 392 2285 legimus:
421 2245 868 2286 ‹caperratum›.-—Quodsi
894 2246 1061 2277 Romanis
1083 2246 1167 2286 ipsis
1191 2255 1272 2277 vera
1297 2248 1330 2277 et
1355 2246 1495 2286 propria
1533 2244 1691 2286 paricidii
1715 2245 1783 2285 sig-

236 2305 387 2335 nificatio
422 2305 542 2345 ignota
579 2305 659 2341 fuit.
694 2315 775 2336 sane
810 2306 883 2336 fieri
919 2305 1047 2346 potuit,
1072 2307 1110 2335 ut
1133 2305 1229 2346 prius
1274 2305 1347 2336 eins
1382 2304 1474 2335 vocis
1499 2303 1693 2335 membrum
1732 2311 1780 2334 se-

235 2364 395 2394 cundarii
419 2368 578 2396 accentus
601 2365 634 2395 vi
661 2365 923 2403 produceretur.
949 2364 1046 2396 conf.
1085 2364 1259 2396 Corsse
1275 2365 1320 2395 ni
1356 2372 1493 2404 quoque
1518 2363 1541 2394 l.
1566 2363 1589 2393 l.
1614 2372 1647 2404 p.
1672 2362 1747 2393 237.

364 2423 392 2464 ²)
419 2425 468 2455 Ex
493 2424 745 2455 recentioribus
770 2428 910 2464 praeter
933 2433 1003 2463 eOS,
1025 2424 1152 2464 quibus
1176 2433 1239 2465 par
1263 2423 1316 2454 vel
1342 2432 1466 2464 parens
1489 2422 1648 2463 paricidii
1666 2425 1782 2461 etymo,

237 2495 309 2518 esse
330 2484 507 2523 videntur,
531 2483 611 2515 Sto
627 2484 636 2514 l
654 2494 670 2514 z
695 2493 831 2524 quoque
854 2484 897 2522 (1.
925 2483 948 2515 l.
974 2493 1004 2524 p.
1029 2483 1110 2523 224)
1128 2483 1330 2515 dubitanter
1346 2483 1386 2515 de
1404 2484 1516 2524 prima
1534 2482 1627 2513 vocis
1644 2481 1781 2521 syllaba

236 2546 393 2585 correpta
417 2544 597 2583 cogitavit.
618 2552 693 2573 cum
720 2543 769 2573 ait
802 2544 1000 2582 antiquitus
1036 2542 1177 2573 fortasse
1212 2543 1297 2573 duas
1322 2541 1450 2573 formas
1484 2542 1601 2579 fuisse,
1634 2542 1780 2572 alteram

237 2605 335 2635 brevi
360 2604 502 2644 (quippe
527 2612 614 2643 quae
638 2613 656 2633 a
683 2614 778 2643 nparn
805 2602 974 2634 adiectivo
998 2602 1158 2632 derivata
1182 2602 1299 2641 esset),
1311 2600 1460 2632 alteram
1485 2600 1650 2642 producta
1670 2602 1783 2642 prima

236 2665 397 2704 s5llaba3
423 2673 508 2703 quas
532 2663 660 2695 formas
684 2667 798 2703 postea
824 2673 843 2693 a
868 2663 1033 2693 Romanis
1057 2672 1130 2693 esse
1155 2662 1328 2693 confusas.

365 2723 395 2762 ⁸)
420 2722 516 2754 Cous.
541 2723 563 2753 Z
577 2733 646 2754 um
662 2733 681 2764 p
695 2727 705 2754 t
721 2724 755 2754 ii
780 2723 924 2764 librum,
948 2723 1005 2763 qui
1021 2723 1235 2754 inscribitur:
1253 2721 1319 2753 Das
1332 2721 1603 2753 Criminalrecht
1616 2722 1677 2753 der
1695 2724 1766 2753 ri'uu

237 2783 426 2826 Republik,
452 2786 477 2814 t.
503 2783 535 2814 11
562 2793 593 2824 p.
624 2782 672 2814 11.
