2120 3257
987 171 1040 210 14

241 314 357 372 rique
381 325 470 359 eam
507 326 536 359 a
564 312 701 372 patre
725 311 891 359 ductam
917 326 1008 360 esse
1034 325 1279 373 persuasum
1314 310 1532 374 {habereut
1557 309 1603 372 ¹).
1671 311 1788 370 Quod

242 394 407 439 minime
456 392 714 450 mirabimur,
759 395 794 439 si
845 394 952 439 alias
998 407 1150 453 easque
1186 393 1512 440 absurdissimas
1563 392 1786 441 derivatio-

242 487 331 531 nes„
364 487 473 531 qnae
507 475 549 518 in
584 473 727 518 latinis
752 474 911 519 scholis
937 475 1062 533 vulgo
1099 473 1524 530 circumferebantur,
1560 474 1790 532 perlustra-

243 552 376 599 bimus
393 550 444 613 2).
492 552 689 599 Attamen
736 552 947 600 Romanos
993 554 1106 613 ipsos
1153 554 1195 599 iu
1232 552 1483 613 explicanda
1539 565 1637 600 voce
1681 554 1789 599 inter

239 648 282 679 se
308 633 551 680 dissensisse
570 634 635 678 vel
665 635 848 680 incertos
873 635 1059 680 haesisse
1083 633 1330 680 documento
1349 636 1448 679 sunt
1473 635 1636 680 ceterae
1660 634 1788 691 expli·

237 715 439 773 cationes,
485 728 665 773 quarum
711 728 836 772 snpra
886 716 1136 760 mentionem
1183 715 1369 761 fecimus.
1406 713 1508 762 Cum
1545 727 1646 761 vero
1667 713 1789 760 bellis

252 795 445 842 civilibus
497 795 780 843 Romanorum
827 809 962 843 mores
1008 794 1112 843 adeo
1149 796 1310 843 efferati
1356 800 1511 855 essent,
1568 795 1792 855 uisaepis-

243 875 344 919 sime
378 876 419 920 in
456 875 542 934 ipso
580 876 667 922 soro
718 876 830 922 cives
875 888 901 921 a
936 875 1099 922 civibus
1152 875 1480 930 trucidarentur,
1531 874 1648 922 Sulla
1685 876 1791 920 iuter

244 958 406 1001 ceteras
442 956 552 1015 leges
586 957 702 1003 illam
739 970 902 1016 quoque
937 956 1174 1003 Corneliam
1221 958 1367 1002 contra
1393 969 1661 1016 percussores
1686 954 1790 1001 tulit.

244 1034 440 1081 Attamen
486 1038 623 1093 (certe
670 1038 773 1083 mira
812 1034 900 1097 res)
959 1038 1144 1096 genuina
1194 1035 1404 1096 paricidae
1462 1036 1574 1083 vocis
1626 1036 1665 1081 vi
1719 1035 1789 1082 ob-

244 1116 377 1162 soleta
413 1116 605 1163 idoneum
630 1117 771 1164 delicti
819 1131 967 1164 nomen
992 1117 1158 1164 deerat:
1193 1119 1334 1176 itaque
1357 1119 1501 1177 lingua
1526 1117 1656 1163 latina
1683 1129 1789 1162 novo

244 1196 450 1242 vocabulo
486 1200 634 1243 ornata
671 1201 735 1244 est
770 1211 793 1243 a
828 1198 938 1257 sica,
974 1198 1114 1244 caedis
1151 1199 1442 1252 instrumento,
1484 1197 1621 1243 ducto.
1657 1194 1691 1241 A
1728 1195 1773 1242 ci

246 1290 398 1324 cerone
444 1280 582 1324 autern
630 1278 861 1325 secundum
910 1277 1140 1338 patricidae
1198 1280 1309 1325 vocis
1356 1277 1597 1337 analogiam
1643 1289 1791 1323 recens

245 1358 490 1405 homicidae
542 1373 689 1406 nomeu
744 1361 786 1406 in
839 1361 974 1406 lucem
1022 1360 1232 1419 prolatum
1279 1362 1340 1406 est
1388 1361 1446 1416 (v.
1502 1371 1557 1405 or.
1604 1357 1707 1405 Phil.
1753 1356 1789 1403 ll

250 1438 325 1498 12,
362 1436 455 1499 30).
1629 1502 1633 1506 .

377 1519 478 1566 Cum
517 1519 596 1567 hac
632 1521 681 1567 de
716 1521 874 1581 origine
910 1521 1096 1581 paricidii
1133 1521 1243 1568 vocis
1294 1520 1538 1580 quaestione
1584 1519 1792 1566 artissime

247 1601 446 1647 cohaeret
481 1601 613 1647 altera
651 1602 837 1660 quaestio
874 1601 923 1647 de
958 1601 1140 1648 eiusdem
1177 1602 1292 1648 vocis
1326 1600 1660 1660 ortleoyraphia,
1686 1613 1793 1658 quae

248 1696 342 1728 cum
378 1682 492 1742 apud
527 1683 736 1741 antiquos,
773 1686 862 1729 tuni
895 1682 1005 1743 apud
1043 1683 1294 1729 recentiores
1332 1681 1453 1729 valde
1487 1682 1678 1728 fluctuat.
1718 1679 1794 1727 Ho-

251 1759 382 1804 mines
417 1758 552 1816 latiui‚
587 1758 656 1816 qui
691 1758 808 1804 illam
852 1759 1057 1804 «litteram
1094 1759 1318 1805 caninam»
1350 1757 1638 1818 geminabant,
1679 1770 1794 1817 prae-

249 1843 311 1886 ter
347 1840 640 1900 pervulgatam
677 1853 701 1884 a
739 1839 870 1899 patris
925 1852 1023 1885 voce
1059 1839 1380 1899 originationem
1427 1839 1478 1886 ad
1525 1852 1646 1886 suam
1694 1839 1792 1886 scri-

376 2055 406 2094 ¹)
444 2056 544 2087 Anno
579 2057 619 2087 55
644 2056 699 2087 vel
736 2056 776 2086 52
810 2059 891 2086 ante
915 2055 995 2086 Chr.
1034 2066 1067 2086 n.
1105 2056 1291 2097 Pompeius
1313 2065 1449 2096 quoque
1473 2057 1510 2087 in
1536 2056 1613 2098 lege
1649 2057 1690 2088 de
1709 2059 1792 2098 pari-

252 2115 340 2146 cidiis
365 2115 509 2147 eandem
546 2117 819 2157 originationem
845 2120 981 2148 secutus
1005 2126 1076 2148 esse
1100 2116 1252 2158 videtur„
1276 2126 1354 2147 cum
1380 2117 1536 2158 scripsit:
1561 2115 1617 2149 «Si
1633 2118 1710 2158 quis
1743 2130 1796 2159 pa-

253 2182 363 2206 trem...
404 2177 584 2212 occiderim
620 2177 679 2216 qni
720 2180 835 2206 tamen
874 2176 938 2216 ipsi
964 2177 1057 2217 patri
1083 2176 1223 2217 longam
1250 2177 1493 2218 proximorum
1519 2178 1642 2208 seriem
1675 2178 1795 2210 odiun-

252 2238 314 2267 xit.
338 2236 378 2267 V.
405 2236 527 2278 Digest
564 2236 585 2267 l.
612 2236 752 2267 XLVIII
779 2240 803 2268 t.
828 2236 857 2267 9.
884 2236 912 2266 1.

382 2294 410 2332 ²)
435 2294 487 2325 Ita
510 2293 678 2333 Varrone,
702 2293 849 2325 Stilonis
872 2293 1051 2334 discipulo.
1078 2297 1164 2325 teste
1199 2292 1266 2324 (De
1292 2293 1314 2323 l.
1337 2293 1359 2322 l.
1397 2291 1426 2322 V
1463 2294 1479 2330 §
1513 2292 1574 2331 21)
1607 2293 1795 2324 secundum

253 2353 413 2392 magistri
437 2353 707 2394 explicationem
726 2353 932 2384 «tei-radieta
955 2352 1000 2383 nb
1025 2361 1076 2392 eo,
1100 2352 1189 2392 quod
1214 2353 1361 2392 teritur-3
1385 2351 1607 2390 Quintiliano
1634 2356 1797 2383 narrante

250 2412 353 2450 (lust.
378 2422 424 2443 or.
452 2413 464 2442 I
490 2413 520 2452 6Ἶ
544 2413 601 2448 36)
626 2412 713 2443 Stilo
726 2413 768 2443 nl)
780 2422 818 2443 eo
842 2416 978 2443 nactam
1004 2421 1075 2443 esse
1099 2421 1223 2443 nomen
1249 2411 1367 2442 docuit
1395 2412 1569 2451 upieuuanz,
1602 2413 1684 2451 quia
1716 2418 1797 2452 petae

250 2474 361 2502 viram·
390 2470 488 2502 Alias
514 2480 580 2502 non
609 2471 723 2502 minus
748 2472 880 2512 ineptas
905 2470 1047 2502 Stilonis
1065 2470 1299 2502 derivationes
1323 2469 1466 2511 collegit
1493 2468 1593 2501 Wiil
1611 2469 1673 2501 t'fl
1690 2471 1735 2501 in
1760 2471 1796 2501 in

251 2532 500 2572 disputatione,
514 2531 839 2570 qilf‘einscribitur:
878 2530 958 2561 «Die
984 2530 1226 2571 Etsmologien
1253 2530 1312 2560 der
1347 2529 1409 2561 lat.
1434 2529 1709 2562 Grammatiker·
1747 2536 1796 2570 (v.

253 2590 385 2621 Archiv
410 2590 469 2620 fiir
493 2589 553 2621 lat.
591 2590 703 2620 Lexic.
732 2600 764 2620 u.
781 2588 922 2620 Gramm
943 2614 950 2628 „
975 2589 1049 2620 VIII
1064 2589 1185 2628 (1893)
1210 2598 1263 2630 pp.
1287 2587 1346 2620 42¹
1365 2597 1453 2628 sqq„
1475 2587 1538 2619 563
1555 2592 1657 2629 sqq.).
1684 2589 1796 2629 Quam

254 2652 340 2681 mira
377 2651 534 2682 varietas*
551 2651 585 2680 in
602 2651 874 2691 interpretandis
886 2651 998 2681 verbis
1022 2650 1111 2691 apud
1136 2649 1264 2681 latinos
1288 2650 1506 2690 etymologos
1529 2649 1649 2690 suerit,
1687 2660 1798 2682 exem—

253 2711 311 2751 plo
337 2720 406 2741 esse
432 2712 543 2750 pou-st
564 2711 650 2744 furti
674 2719 755 2749 vox,
781 2719 883 2749 quam
909 2710 971 2740 alii
996 2719 1012 2739 a
1033 2712 1140 2748 suri-0,
1163 2709 1223 2740 alii
1247 2719 1267 2739 a
1285 2708 1432 2747 serendo5
1456 2708 1519 2739 alii
1543 2719 1563 2739 a
1581 2711 1712 2749 frande,
1737 2710 1798 2741 alii

251 2779 269 2800 a
294 2778 414 2813 gracco
439 2767 512 2809 ([ὼρ
535 2768 735 2800 derivabant
754 2780 807 2811 3¹⁷·
827 2767 851 2797 M
870 2780 888 2797 ο
902 2779 932 2798 m
948 2779 978 2799 m
994 2780 1008 2798 s
1021 2778 1037 2799 e
1053 2779 1071 2798 n
1089 2770 1098 2799 i
1127 2768 1245 2801 «Ηϋῐη,
1271 2767 1483 2800 Strasrecht»
1499 2777 1531 2810 p.
1547 2767 1610 2799 733
1622 2767 1701 2800 adn.
1726 2768 1756 2801 1.
