2120 3257
954 176 1054 214 >13

260 326 302 370 in
336 321 487 380 quibus
506 322 597 368 sine
616 319 743 367 dubio
761 319 918 366 crimen
945 315 1077 376 patris
1096 327 1120 360 a
1142 313 1224 361 tilio
1244 314 1370 361 occisi
1394 310 1506 359 haud
1544 324 1637 358 raro
1662 322 1800 356 recur-

260 402 484 460 rebat‚illa
504 414 659 460 graeca
680 400 849 446 nomina
885 396 1301 458 (πατροκτόνος,
1337 388 1708 451 πατραλοίας)
1730 403 1800 448 per

260 480 513 542 patricidae
534 493 680 527 vocem
703 480 834 526 latine
858 476 1020 524 reddita
1043 472 1195 535 sunt1).
1221 473 1365 532 Itaque
1388 472 1468 519 duo
1505 474 1655 519 similia
1684 485 1803 519 voca-

264 558 363 609 bula
398 559 641 619 exstabant,
676 559 855 605 alterum
891 556 1120 615 antiquitus
1154 553 1352 601 traditum
1387 550 1669 615 [paricida]‚
1703 553 1805 599 alte-

265 654 357 686 rum
413 652 559 686 recens
605 638 657 684 ad
703 637 921 696 exemplar
981 647 1230 694 graecorum
1286 635 1498 679 nominum
1545 632 1688 678 fictum
1745 631 1804 676 fa·

267 719 460 779 bulisque
516 720 715 780 spectatis
763 716 1023 777 divulgatum
1080 710 1384 777 (patricida).
1433 711 1535 759 Cum
1572 725 1668 759 vero
1705 711 1807 758 iuris

267 800 426 856 antiqui
462 799 597 844 fontes
634 797 741 843 bello
776 796 931 842 Punico
965 794 1148 841 secundo
1173 794 1360 840 confecto
1396 807 1419 838 a
1454 791 1653 838 Romanis
1678 791 1807 836 homi-

270 882 392 928 nibus
427 878 557 926 doctis
591 879 909 927 accuratissime
944 880 1132 923 enarrari
1179 876 1314 935 coepti
1349 876 1498 928 essent,
1547 873 1706 919 factum
1731 873 1807 927 est,

269 963 315 1008 ut
360 962 467 1008 inter
513 960 622 1007 alias
668 971 788 1006 voces
834 957 1036 1005 obscuras
1083 955 1325 1016 paricidium
1371 967 1533 1014 quoque
1577 952 1807 1008 offerretur,

269 1042 376 1101 quod
424 1041 677 1088 vocabulum
728 1041 924 1086 facillime
970 1052 1065 1084 cum
1111 1039 1183 1083 illo
1229 1036 1542 1096 tragoediarum
1588 1031 1807 1093 patricidio

272 1123 470 1181 coniungi
505 1122 834 1179 commutarique
870 1120 1016 1179 potuit.
1053 1117 1228 1165 Etiamsi
1264 1119 1305 1164 in
1342 1129 1385 1163 re
1421 1118 1507 1163 tam
1541 1113 1668 1161 dubia
1703 1116 1807 1158 tam-

274 1217 350 1262 que
384 1206 542 1250 remota
579 1203 684 1248 nihil
718 1203 819 1248 certi
854 1202 981 1247 statui
1009 1202 1159 1259 potest,
1183 1201 1327 1245 tamen
1352 1196 1466 1244 haud
1490 1197 1611 1255 longe
1647 1208 1671 1240 a
1708 1193 1810 1239 veri-

275 1281 547 1330 similitudine
582 1282 802 1328 recessisse
826 1279 1071 1334 videbimur,
1106 1279 1140 1324 si
1176 1278 1473 1324 conieceriinus
1497 1275 1662 1322 doctum
1686 1285 1811 1332 quen-

275 1364 369 1410 dam
405 1364 568 1422 antiqui
603 1363 704 1409 iuris
740 1364 1046 1418 enarratorem,
1080 1360 1259 1406 fortasse
1295 1359 1430 1417 ipsum
1465 1357 1508 1402 L.
1549 1355 1709 1402 Aelium
1734 1354 1813 1399 Sti·

276 1446 426 1498 lonem,
461 1444 528 1501 qui
565 1442 683 1490 Festo
720 1444 826 1488 teste
864 1439 1027 1499 legibus
1062 1440 1245 1497 antiquis
1279 1436 1608 1497 interpretandis
1643 1434 1815 1494 diligen-

277 1525 481 1571 tissimam
517 1535 681 1581 operam
717 1520 904 1567 navabat
919 1522 973 1576 2),
1009 1519 1197 1565 docuisse
1219 1517 1561 1578 parricidium-ex
1583 1513 1818 1575 patricidio

279 1606 427 1650 natum
460 1615 551 1649 esse
587 1603 605 1647 t
637 1602 772 1648 littera
809 1602 884 1647 aut
920 1601 1072 1647 omissa
1119 1603 1195 1645 aut
1230 1600 1271 1644 in
1308 1612 1332 1643 r
1368 1600 1553 1655 mutata3
1600 1609 1704 1654 quae
1749 1607 1820 1639 ex·

281 1684 452 1744 plicatio
490 1685 634 1744 postea
668 1684 708 1728 in
757 1682 975 1742 vulgarem
1013 1693 1134 1727 usum
1186 1681 1355 1739 recepta
1403 1683 1476 1724 est.
1525 1676 1669 1723 Cicero
1711 1676 1822 1720 enim

283 1767 366 1812 iarn
401 1777 509 1810 anno
545 1762 686 1810 LXXX
722 1764 819 1809 ante
844 1762 941 1809 Chr.
979 1775 1038 1818 ιι,
1082 1774 1161 1819 quo
1186 1764 1416 1807 orationem
1453 1772 1524 1818 pro
1560 1758 1687 1803 Sexto
1722 1755 1824 1801 Ros-

284 1848 349 1894 cio
380 1844 582 1893 »Amerino
635 1844 798 1898 habuit,
845 1857 936 1890 eam
983 1843 1318 1902 originationem,
1366 1843 1411 1887 ut
1456 1853 1581 1899 supra
1635 1836 1829 1894 vidimus,

288 1926 508 1984 amplexus
543 1937 633 1969 esse
668 1922 843 1968 videtur.
875 1922 1020 1981 ltaque
1056 1921 1236 1981 genuina
1276 1921 1424 1979 prioris
1461 1917 1655 1964 vocabuli
1701 1916 1829 1974 partis

299 2006 546 2065 significatio
581 2005 752 2051 Stilonis
800 2005 863 2050 vel
909 2004 1020 2050 alius
1056 2002 1316 2062 grammatici
1352 2001 1629 2060 originatione
1664 2000 1830 2055 recepta

290 2087 392 2135 adeo
428 2086 651 2133 obscurata
689 2088 764 2139 est,
803 2085 956 2132 utiam
992 2085 1174 2144 ipsorum
1209 2082 1452 2129 Latinorum
1501 2080 1714 2126 hominum
1751 2079 1833 2138 ple-

421 2289 451 2328 ¹)
475 2289 530 2320 Ita
554 2289 588 2318 in
614 2287 822 2318 Pacuvinnis
846 2286 996 2326 Niptris,
1031 2284 1092 2315 ubi
1129 2283 1250 2314 Ulixes
1284 2293 1304 2313 a
1339 2282 1514 2323 Telegono
1549 2282 1622 2313 filio
1659 2281 1838 2312 mortifero

295 2350 439 2382 vulnere
462 2350 554 2380 ictus
577 2349 613 2378 in
638 2355 772 2378 scenam
799 2345 961 2376 inductus
984 2346 1071 2382 erat5
1095 2343 1284 2384 patricidae
1309 2351 1376 2373 vox
1401 2342 1474 2372 sine
1493 2341 1599 2372 «lubio
1624 2340 1838 2377 occurrebam

295 2421 328 2442 v.
353 2409 484 2450 Hygini
506 2409 574 2439 fab.
600 2406 662 2438 127
687 2406 754 2445 (ed.
782 2405 824 2436 M.
849 2404 934 2435 Sch
949 2414 980 2434 m
995 2403 1039 2434 id
1054 2405 1084 2443 t)
1108 2406 1142 2434 et
1166 2402 1299 2441 Dictyis
1313 2400 1359 2431 VI
1387 2401 1426 2431 15
1451 2400 1535 2431 haee
1548 2400 1663 2431 verba:
1681 2398 1839 2439 ‹Telego-

297 2480 384 2502 nus..
412 2469 533 2500 fletum
558 2467 654 2498 edit..
678 2465 905 2496 discruciatus
944 2463 987 2494 ob
1011 2463 1138 2493 inlatam
1158 2471 1214 2501 per
1238 2472 1267 2491 xe
1290 2462 1374 2501 patri
1410 2470 1548 2491 necem».
1588 2458 1689 2490 Tales
1705 2458 1840 2489 fabulas

296 2529 415 2571 plures
438 2528 545 2559 fuisse
566 2526 805 2557 demonstrant
818 2523 1010 2564 Hyginiani
1022 2521 1147 2553 indicis
1163 2521 1266 2553 verba
1290 2523 1339 2561 (p.
1365 2521 1413 2559 5):
1441 2519 1527 2558 «Qui
1548 2526 1653 2559 patres
1677 2530 1743 2548 suos
1763 2519 1839 2547 occi-

300 2590 444 2619 derunt·.
463 2586 559 2617 Illud
585 2593 719 2624 quoque
736 2583 955 2615 Homericum
971 2581 1115 2612 verbum
1131 2580 1357 2619 (πατροφονεύς)
1383 2580 1416 2610 in
1434 2578 1579 2617 Odyssia
1594 2577 1705 2608 latina
1729 2579 1799 2607 iam
1827 2586 1845 2606 a

298 2648 396 2679 Livio
427 2646 623 2678 Andronico
648 2653 709 2685 per
728 2643 902 2684 patricidae
926 2651 1044 2672 vocem
1069 2649 1274 2672 conversum
1299 2648 1371 2670 esse
1395 2640 1545 2680 poterat.

431 2705 459 2745 ²)
483 2705 571 2737 Vide
595 2705 686 2736 Festi
710 2714 742 2745 p.
766 2702 830 2734 410
853 2702 921 2743 (ed,
945 2701 1012 2735 Th.
1037 2701 1069 2735 d.
1095 2701 1160 2741 R),
1180 2700 1240 2733 ubi
1263 2698 1411 2731 verbum
1437 2707 1479 2730 ex
1505 2697 1570 2728 xn
1595 2696 1727 2729 tabulis
1751 2697 1844 2734 (son-

303 2770 411 2808 ticus)
435 2767 643 2817 explicatur,
