2120 3257
1022 133 1074 174 16

256 269 429 315 crimine
466 270 677 318 homicidii
716 273 843 331 possit
879 273 1142 321 exsolvere».
1196 273 1341 332 Itaque
1376 273 1654 332 gravissimae
1700 276 1806 322 noti-

254 361 369 407 ones7
405 350 447 394 in
483 349 632 408 quibus
669 353 882 409 utriusque
917 352 1021 412 legis
1056 352 1184 399 cardo
1222 353 1409 410 vertitur,
1443 355 1564 399 sunt:
1609 355 1803 413 paratus

255 431 295 472 et
328 429 601 483 imprudens.
637 429 725 474 Iam
749 431 877 488 igitur
902 444 978 477 nos
999 434 1090 489 ipsa
1106 433 1384 491 originatione
1420 432 1594 489 planum
1629 433 1804 479 fecimus

254 506 467 555 Romanos
501 510 802 567 antiquissimis
838 511 1096 570 temporibus
1120 509 1289 557 caedem
1311 511 1526 571 paratam
1548 526 1573 559 a
1596 511 1807 571 fortuita

257 588 397 634 eodem
427 588 544 634 modo
569 591 819 649 seposuisse,
845 603 926 648 qno
952 590 1099 636 Graeci
1135 593 1274 652 φόνῳ
1311 590 1363 637 ἐξ
1399 592 1704 652 ἐπιβουλῆς
1740 593 1806 639 vel

257 671 489 727 ἑκουσίῳ
526 670 644 716 illum
681 671 944 715 ἀκούσιον
981 671 1250 731 opponebant
1269 669 1324 732 ¹).

388 747 518 795 Alteri
549 762 712 808 quoque
736 750 834 810 legi„
859 763 941 810 qua
987 749 1175 810 paricidii
1213 752 1388 799 crimine
1433 749 1687 812 absolvitur,
1739 754 1808 811 qui

259 830 351 888 lege
386 831 554 875 sacrata
591 829 820 876 obnoxium
846 832 1071 887 interfecit,
1097 845 1150 878 ex
1175 835 1319 878 nostra
1345 833 1623 890 originatione
1648 834 1801 890 optima

260 910 331 955 lux
346 909 559 970 adfertur3
585 924 693 969 qnae
714 911 781 957 lex
801 914 941 958 exstat
962 911 1072 970 apud
1096 912 1264 958 Festum
1289 918 1350 971 (p.
1372 912 1462 958 466
1491 910 1553 958 ed.
1580 911 1655 958 Th⁴
1673 910 1806 969 d.P.):

266 990 335 1035 «Si
372 991 464 1048 quis
499 1003 613 1049 eum,
636 993 703 1050 qui
740 1004 787 1038 eo
825 991 1088 1052 plebeiscito
1123 1004 1243 1039 sacer
1277 993 1348 1047 sit,
1372 991 1584 1051 occiderit7
1622 990 1807 1051 paricida

263 1084 313 1117 ne
350 1072 450 1124 sit»,
491 1073 530 1117 h.
569 1085 602 1117 e.
627 1072 816 1132 paricidii
853 1086 904 1119 ne
928 1073 1318 1132 damnetur.ltaque
1344 1073 1602 1131 interfector,
1640 1073 1806 1119 etiamsi

264 1152 474 1199 hominem
511 1167 676 1200 sacrum
713 1155 905 1201 consulto
942 1155 1027 1201 vita
1065 1155 1262 1215 privavit,
1297 1156 1440 1202 tamen
1486 1155 1594 1202 inter
1642 1167 1808 1215 percus·

264 1245 394 1293 sores,
428 1235 498 1292 qni
535 1235 617 1280 vim
654 1239 896 1295 parassent,
933 1236 1102 1281 minime
1139 1236 1439 1282 numerabatur
1456 1236 1508 1293 ²).

392 1315 593 1363 Nonnihil
613 1316 773 1362 t'rnctus
794 1330 843 1362 ex
866 1320 1007 1362 nostra
1033 1317 1317 1375 explicatione
1342 1317 1433 1374 capi
1459 1329 1577 1375 posse
1614 1317 1809 1373 putamus

266 1394 317 1438 ad
359 1398 651 1452 quaestionem
677 1396 726 1442 de
750 1397 1058 1456 quaestoribus
1093 1395 1313 1455 paricidii
1347 1395 1607 1448 solvendam,
1637 1393 1687 1440 de
1723 1406 1807 1453 qua

266 1477 435 1534 propter
466 1478 651 1522 veterum
677 1477 1010 1524 testimoniorum
1038 1477 1253 1535 penuriam
1278 1477 1319 1522 in
1345 1476 1486 1522 varias
1503 1477 1644 1536 partes
1667 1473 1722 1521 ab
1739 1474 1810 1520 ho-

268 1554 450 1600 minibus
473 1555 606 1602 doctis
652 1557 909 1616 disputatum
924 1559 998 1603 est.
1026 1557 1131 1603 Nam
1168 1559 1329 1602 veteres
1376 1559 1541 1601 tantum
1578 1556 1809 1615 generatim

267 1637 602 1694 atqneuniverse
638 1637 687 1683 de
702 1651 747 1684 eo
784 1639 1300 1698 magistratuloqunntur3
1335 1638 1392 1683 ita
1420 1637 1575 1683 Paulus
1600 1635 1810 1682 Diaconus

267 1714 435 1775 (pm
454 1716 767 1775 ed.Th.d.P.):
811 1715 1330 1781 ‹l'arici(dii)quaestores
1366 1715 1706 1777 appellabantur,
1743 1714 1812 1774 qui

268 1797 460 1843 solebant
484 1800 620 1844 creari
656 1812 784 1846 causa
824 1813 963 1845 rernm
987 1800 1233 1859 capitalium
1270 1797 1651 1857 quaerendarum».
1700 1795 1813 1842 Idem

270 1878 469 1935 repetitur
493 1893 515 1924 a
537 1879 989 1940 Pomponio(Digest.l
1017 1880 1056 1940 2,
1074 1876 1250 1940 2§23):
1273 1878 1551 1934 ‹Quaestores
1586 1876 1814 1923 constitue·

272 1956 425 2004 bantur
461 1974 483 2006 a
522 1961 686 2020 populo7
721 1962 789 2020 qni
826 1961 1077 2021 capitalibus
1124 1960 1248 2007 rebus
1284 1960 1540 2018 praeessent..
1588 1956 1637 2003 Hi
1671 1955 1815 2016 appel-

272 2038 470 2087 labantur
505 2046 747 2100 quaestores
785 2042 1015 2102 paricidii».
1052 2042 1200 2088 Nostra
1236 2043 1378 2087 autem
1414 2039 1594 2085 nominis
1629 2038 1814 2096 explica-

272 2123 383 2168 tione
414 2123 563 2181 optime
615 2123 943 2182 demonstratur,
994 2136 1100 2182 quae
1146 2122 1361 2182 provincia
1410 2123 1534 2169 huius
1579 2119 1817 2179 antiquissi-

272 2202 327 2248 mi
363 2203 636 2263 magistratus
683 2205 725 2250 in
773 2204 977 2265 principio
1013 2203 1159 2250 fuerit:
1216 2206 1463 2262 quaestores
1498 2200 1683 2262 paricidii
1734 2213 1817 2248 non

275 2289 314 2332 in
359 2286 587 2345 patricidas
634 2286 867 2344 inquirendi
916 2299 1044 2332 cansa
1102 2285 1362 2332 creabantur
1409 2284 1479 2347 (ut
1516 2295 1818 2341 nonnunquam

404 2443 432 2476 ¹)
456 2440 544 2470 Vide
568 2440 593 2471 1.
619 2440 657 2470 Η.
683 2441 843 2480 Lipsii
872 2440 960 2470 «Der
984 2438 1133 2470 attis-che
1157 2439 1317 2469 Proeess»
1347 2447 1378 2478 p.
1404 2437 1467 2468 384
1492 2446 1563 2476 sqq.
1602 2436 1685 2467 Alia
1719 2435 1821 2466 Grae-

273 2510 391 2532 corum
417 2500 531 2536 verba,
552 2508 640 2539 quae
677 2499 744 2529 huc
770 2499 959 2539 pertinent,
992 2501 1097 2529 sunt:
1132 2495 1305 2527 ὅολοκταπία
1340 2494 1475 2536 (Apoll.
1512 2494 1625 2527 Rhou.
1651 2494 1736 2536 Arg.
1772 2492 1819 2524 IV

272 2561 365 2599 479),
389 2558 543 2599 δολοφονὶα
578 2560 753 2599 (passim).
791 2559 894 2599 Plngu
929 2567 1077 2599 quoquc„
1114 2557 1273 2589 consulto
1311 2556 1418 2587 alicui
1452 2555 1597 2594 inflicta,
1634 2555 1823 2586 vocabatur

273 2622 390 2661 τραῦμα
413 2618 446 2649 ἔκ
470 2621 632 2661 προνοίας.

404 2680 434 2719 ²)
459 2679 556 2712 Conf.
583 2680 872 2710 similininiusso
886 2678 1124 2720 populiverba
1152 2677 1243 2719 apud
1263 2676 1401 2710 Livium
1436 2674 1553 2717 (XXII
1578 2674 1618 2705 10
1642 2676 1659 2718 5
1683 2675 1742 2714 5):
1769 2674 1822 2711 «Si

272 2741 350 2784 quis
373 2743 514 2785 rumpet
540 2738 692 2771 occidetve
715 2739 856 2779 insciens„
882 2747 927 2770 ne
951 2738 1045 2771 fraus
1071 2741 1174 2770 esto».
