<?xml version="1.0" encoding="UTF-8"?>
<!DOCTYPE html PUBLIC "-//W3C//DTD XHTML 1.0 Transitional//EN"
    "http://www.w3.org/TR/xhtml1/DTD/xhtml1-transitional.dtd">
<html xmlns="http://www.w3.org/1999/xhtml" xml:lang="en" lang="en">
 <head>
  <title>
</title>
<meta http-equiv="Content-Type" content="text/html;charset=utf-8" />
  <meta name='ocr-system' content='tesseract 3.04.00' />
  <meta name='ocr-capabilities' content='ocr_page ocr_carea ocr_par ocr_line ocrx_word'/>
</head>
<body>
  <div class='ocr_page' id='page_1' title='image "4626727_0013.png"; bbox 0 0 2120 3257; ppageno 0'>
   <div class='ocr_carea' id='block_1_1' title="bbox 1050 142 1077 181">
    <p class='ocr_par' dir='ltr' id='par_1_1' title="bbox 1050 142 1077 181">
     <span class='ocr_line' id='line_1_1' title="bbox 1050 142 1077 181; baseline 0 0"><span class='ocrx_word' id='word_1_1' title='bbox 1050 142 1077 181; x_wconf 89' lang='lat'>4</span> 
     </span>
    </p>
   </div>
   <div class='ocr_carea' id='block_1_2' title="bbox 296 281 1858 1626">
    <p class='ocr_par' dir='ltr' id='par_1_2' title="bbox 296 281 1858 1542">
     <span class='ocr_line' id='line_1_2' title="bbox 298 281 1842 342; baseline 0 -15"><span class='ocrx_word' id='word_1_2' title='bbox 298 282 454 328; x_wconf 83' lang='lat' dir='ltr'><strong>Romae</strong></span> <span class='ocrx_word' id='word_1_3' title='bbox 490 284 639 327; x_wconf 90' lang='lat' dir='ltr'><strong>ornata</strong></span> <span class='ocrx_word' id='word_1_4' title='bbox 665 281 823 327; x_wconf 84' lang='lat' dir='ltr'><strong>fuerit?</strong></span> <span class='ocrx_word' id='word_1_5' title='bbox 847 282 1001 338; x_wconf 73' lang='lat' dir='ltr'><strong>Quodsi</strong></span> <span class='ocrx_word' id='word_1_6' title='bbox 1025 285 1269 342; x_wconf 87' lang='lat' dir='ltr'><strong>reputamus</strong></span> <span class='ocrx_word' id='word_1_7' title='bbox 1293 281 1445 328; x_wconf 88' lang='lat' dir='ltr'><strong>liberos</strong></span> <span class='ocrx_word' id='word_1_8' title='bbox 1470 283 1601 341; x_wconf 88' lang='lat' dir='ltr'><strong>patris</strong></span> <span class='ocrx_word' id='word_1_9' title='bbox 1625 282 1842 341; x_wconf 87' lang='lat' dir='ltr'><strong>imperium</strong></span> 
     </span>
     <span class='ocr_line' id='line_1_3' title="bbox 296 361 1843 420; baseline -0.001 -12"><span class='ocrx_word' id='word_1_10' title='bbox 296 362 614 420; x_wconf 73' lang='lat' dir='ltr'><strong>contremuisse,</strong></span> <span class='ocrx_word' id='word_1_11' title='bbox 651 362 819 407; x_wconf 85' lang='lat' dir='ltr'><strong>minime</strong></span> <span class='ocrx_word' id='word_1_12' title='bbox 856 361 1109 409; x_wconf 88' lang='lat' dir='ltr'><strong>videbuntur</strong></span> <span class='ocrx_word' id='word_1_13' title='bbox 1145 361 1265 410; x_wconf 90' lang='lat' dir='ltr'><strong>uobis</strong></span> <span class='ocrx_word' id='word_1_14' title='bbox 1301 362 1430 408; x_wconf 86' lang='lat' dir='ltr'><strong>mirae</strong></span> <span class='ocrx_word' id='word_1_15' title='bbox 1478 362 1742 409; x_wconf 81' lang='lat' dir='ltr'>narrationes</span> <span class='ocrx_word' id='word_1_16' title='bbox 1777 374 1843 408; x_wconf 91' lang='lat' dir='ltr'><strong>ve-</strong></span> 
     </span>
     <span class='ocr_line' id='line_1_4' title="bbox 297 441 1844 500; baseline 0.001 -13"><span class='ocrx_word' id='word_1_17' title='bbox 297 446 446 498; x_wconf 66' lang='lat' dir='ltr'><strong>terum,</strong></span> <span class='ocrx_word' id='word_1_18' title='bbox 482 441 635 499; x_wconf 85' lang='lat' dir='ltr'><strong>quibus</strong></span> <span class='ocrx_word' id='word_1_19' title='bbox 671 441 870 488; x_wconf 81' lang='lat' dir='ltr'><strong>doeemur</strong></span> <span class='ocrx_word' id='word_1_20' title='bbox 906 441 1063 489; x_wconf 88' lang='lat' dir='ltr'><strong>Romae</strong></span> <span class='ocrx_word' id='word_1_21' title='bbox 1096 442 1193 488; x_wconf 89' lang='lat' dir='ltr'><strong>inde</strong></span> <span class='ocrx_word' id='word_1_22' title='bbox 1227 442 1282 487; x_wconf 91' lang='lat' dir='ltr'><strong>ab</strong></span> <span class='ocrx_word' id='word_1_23' title='bbox 1318 443 1436 488; x_wconf 89' lang='lat' dir='ltr'><strong>initio</strong></span> <span class='ocrx_word' id='word_1_24' title='bbox 1474 454 1545 500; x_wconf 85' lang='lat' dir='ltr'><strong>per</strong></span> <span class='ocrx_word' id='word_1_25' title='bbox 1568 455 1645 488; x_wconf 86' lang='lat' dir='ltr'><strong>sex</strong></span> <span class='ocrx_word' id='word_1_26' title='bbox 1670 442 1844 488; x_wconf 76' lang='lat' dir='ltr'><strong>saecula</strong></span> 
     </span>
     <span class='ocr_line' id='line_1_5' title="bbox 299 519 1844 582; baseline 0.001 -14"><span class='ocrx_word' id='word_1_27' title='bbox 299 535 428 581; x_wconf 90' lang='lat' dir='ltr'><strong>usque</strong></span> <span class='ocrx_word' id='word_1_28' title='bbox 462 520 516 568; x_wconf 89' lang='lat' dir='ltr'><strong>ad</strong></span> <span class='ocrx_word' id='word_1_29' title='bbox 553 520 709 567; x_wconf 83' lang='lat' dir='ltr'><strong>bellum</strong></span> <span class='ocrx_word' id='word_1_30' title='bbox 743 519 947 568; x_wconf 82' lang='lat' dir='ltr'><strong>Punicum</strong></span> <span class='ocrx_word' id='word_1_31' title='bbox 982 521 1213 569; x_wconf 85' lang='lat' dir='ltr'><strong>secundum</strong></span> <span class='ocrx_word' id='word_1_32' title='bbox 1248 524 1451 582; x_wconf 79' lang='lat' dir='ltr'>paternae</span> <span class='ocrx_word' id='word_1_33' title='bbox 1496 520 1637 568; x_wconf 78' lang='lat' dir='ltr'><strong>caedis</strong></span> <span class='ocrx_word' id='word_1_34' title='bbox 1687 523 1844 569; x_wconf 70' lang='lat' dir='ltr'><strong>crimen</strong></span> 
     </span>
     <span class='ocr_line' id='line_1_6' title="bbox 298 601 1847 662; baseline 0.001 -15"><span class='ocrx_word' id='word_1_35' title='bbox 298 601 535 647; x_wconf 89' lang='lat' dir='ltr'><strong>inauditum</strong></span> <span class='ocrx_word' id='word_1_36' title='bbox 570 601 772 655; x_wconf 84' lang='lat' dir='ltr'><strong>fuisse¹).</strong></span> <span class='ocrx_word' id='word_1_37' title='bbox 810 601 954 660; x_wconf 80' lang='lat' dir='ltr'><strong>ltaque</strong></span> <span class='ocrx_word' id='word_1_38' title='bbox 1001 603 1035 648; x_wconf 94' lang='lat' dir='ltr'><strong>si</strong></span> <span class='ocrx_word' id='word_1_39' title='bbox 1083 603 1229 661; x_wconf 82' lang='lat' dir='ltr'><strong>ipsum</strong></span> <span class='ocrx_word' id='word_1_40' title='bbox 1270 602 1462 661; x_wconf 77' lang='lat' dir='ltr'><strong>facinus</strong></span> <span class='ocrx_word' id='word_1_41' title='bbox 1508 604 1695 662; x_wconf 83' lang='lat' dir='ltr'><strong>ignotum</strong></span> <span class='ocrx_word' id='word_1_42' title='bbox 1741 604 1847 660; x_wconf 66' lang='lat' dir='ltr'><strong>erat,</strong></span> 
     </span>
     <span class='ocr_line' id='line_1_7' title="bbox 297 681 1846 742; baseline 0.001 -15"><span class='ocrx_word' id='word_1_43' title='bbox 297 694 458 727; x_wconf 76' lang='lat' dir='ltr'><strong>nomen</strong></span> <span class='ocrx_word' id='word_1_44' title='bbox 494 694 657 739; x_wconf 91' lang='lat' dir='ltr'><strong>quoque</strong></span> <span class='ocrx_word' id='word_1_45' title='bbox 682 681 916 740; x_wconf 78' lang='lat' dir='ltr'><strong>patricidii</strong></span> <span class='ocrx_word' id='word_1_46' title='bbox 950 683 1110 741; x_wconf 81' lang='lat' dir='ltr'><strong>priscos</strong></span> <span class='ocrx_word' id='word_1_47' title='bbox 1145 681 1358 730; x_wconf 88' lang='lat' dir='ltr'><strong>Romanos</strong></span> <span class='ocrx_word' id='word_1_48' title='bbox 1404 684 1622 742; x_wconf 80' lang='lat' dir='ltr'><strong>ignorasse</strong></span> <span class='ocrx_word' id='word_1_49' title='bbox 1671 695 1846 729; x_wconf 83' lang='lat' dir='ltr'><strong>eonsen-</strong></span> 
     </span>
     <span class='ocr_line' id='line_1_8' title="bbox 300 759 1849 822; baseline 0.001 -16"><span class='ocrx_word' id='word_1_50' title='bbox 300 764 472 806; x_wconf 86' lang='lat' dir='ltr'><strong>taneum</strong></span> <span class='ocrx_word' id='word_1_51' title='bbox 508 764 583 807; x_wconf 90' lang='lat' dir='ltr'><strong>est.</strong></span> <span class='ocrx_word' id='word_1_52' title='bbox 621 760 737 816; x_wconf 74' lang='lat' dir='ltr'><strong>Quod</strong></span> <span class='ocrx_word' id='word_1_53' title='bbox 773 759 808 807; x_wconf 90' lang='lat' dir='ltr'><strong>si</strong></span> <span class='ocrx_word' id='word_1_54' title='bbox 847 763 1056 819; x_wconf 68' lang='lat' dir='ltr'><strong>ponimus7</strong></span> <span class='ocrx_word' id='word_1_55' title='bbox 1107 762 1292 821; x_wconf 80' lang='lat' dir='ltr'>paricidii</span> <span class='ocrx_word' id='word_1_56' title='bbox 1330 776 1480 809; x_wconf 90' lang='lat' dir='ltr'><strong>nomen</strong></span> <span class='ocrx_word' id='word_1_57' title='bbox 1517 762 1631 809; x_wconf 92' lang='lat' dir='ltr'><strong>aliud</strong></span> <span class='ocrx_word' id='word_1_58' title='bbox 1679 766 1849 822; x_wconf 81' lang='lat' dir='ltr'><strong>etymon</strong></span> 
     </span>
     <span class='ocr_line' id='line_1_9' title="bbox 301 840 1847 902; baseline 0.001 -15"><span class='ocrx_word' id='word_1_59' title='bbox 301 840 461 887; x_wconf 84' lang='lat' dir='ltr'><strong>habeat</strong></span> <span class='ocrx_word' id='word_1_60' title='bbox 497 853 666 887; x_wconf 80' lang='lat' dir='ltr'><strong>neeesse</strong></span> <span class='ocrx_word' id='word_1_61' title='bbox 702 848 774 887; x_wconf 86' lang='lat' dir='ltr'><strong>est.</strong></span> <span class='ocrx_word' id='word_1_62' title='bbox 812 841 997 901; x_wconf 89' lang='lat' dir='ltr'><strong>Denique</strong></span> <span class='ocrx_word' id='word_1_63' title='bbox 1033 855 1116 890; x_wconf 90' lang='lat' dir='ltr'><strong>non</strong></span> <span class='ocrx_word' id='word_1_64' title='bbox 1164 841 1578 902; x_wconf 80' lang='lat' dir='ltr'><strong>praetermittendum</strong></span> <span class='ocrx_word' id='word_1_65' title='bbox 1625 844 1687 889; x_wconf 91' lang='lat' dir='ltr'><strong>est</strong></span> <span class='ocrx_word' id='word_1_66' title='bbox 1733 855 1847 889; x_wconf 90' lang='lat' dir='ltr'><strong>mon·</strong></span> 
     </span>
     <span class='ocr_line' id='line_1_10' title="bbox 301 922 1847 983; baseline 0.001 -16"><span class='ocrx_word' id='word_1_67' title='bbox 301 924 452 974; x_wconf 78' lang='lat' dir='ltr'><strong>strare,</strong></span> <span class='ocrx_word' id='word_1_68' title='bbox 487 934 612 979; x_wconf 91' lang='lat' dir='ltr'><strong>quam</strong></span> <span class='ocrx_word' id='word_1_69' title='bbox 649 934 847 980; x_wconf 86' lang='lat' dir='ltr'><strong>perversa</strong></span> <span class='ocrx_word' id='word_1_70' title='bbox 883 923 936 967; x_wconf 92' lang='lat' dir='ltr'><strong>sit</strong></span> <span class='ocrx_word' id='word_1_71' title='bbox 972 923 1110 981; x_wconf 90' lang='lat' dir='ltr'><strong>opinio</strong></span> <span class='ocrx_word' id='word_1_72' title='bbox 1164 935 1323 983; x_wconf 80' lang='lat' dir='ltr'><strong>eorum,</strong></span> <span class='ocrx_word' id='word_1_73' title='bbox 1360 924 1430 981; x_wconf 90' lang='lat' dir='ltr'><strong>qui</strong></span> <span class='ocrx_word' id='word_1_74' title='bbox 1468 924 1554 968; x_wconf 90' lang='lat' dir='ltr'><strong>tam</strong></span> <span class='ocrx_word' id='word_1_75' title='bbox 1592 923 1678 968; x_wconf 87' lang='lat' dir='ltr'><strong>rari</strong></span> <span class='ocrx_word' id='word_1_76' title='bbox 1715 922 1847 968; x_wconf 86' lang='lat' dir='ltr'><strong>horri-</strong></span> 
     </span>
     <span class='ocr_line' id='line_1_11' title="bbox 304 1001 1853 1062; baseline 0 -14"><span class='ocrx_word' id='word_1_77' title='bbox 304 1001 482 1059; x_wconf 87' lang='lat' dir='ltr'><strong>bilisque</strong></span> <span class='ocrx_word' id='word_1_78' title='bbox 516 1002 703 1048; x_wconf 85' lang='lat' dir='ltr'><strong>oriminis</strong></span> <span class='ocrx_word' id='word_1_79' title='bbox 744 1015 895 1048; x_wconf 85' lang='lat' dir='ltr'><strong>nomen</strong></span> <span class='ocrx_word' id='word_1_80' title='bbox 943 1006 1087 1062; x_wconf 86' lang='lat' dir='ltr'><strong>postea</strong></span> <span class='ocrx_word' id='word_1_81' title='bbox 1126 1005 1168 1049; x_wconf 91' lang='lat' dir='ltr'><strong>in</strong></span> <span class='ocrx_word' id='word_1_82' title='bbox 1204 1004 1313 1050; x_wconf 90' lang='lat' dir='ltr'><strong>alias</strong></span> <span class='ocrx_word' id='word_1_83' title='bbox 1362 1005 1497 1050; x_wconf 90' lang='lat' dir='ltr'><strong>minus</strong></span> <span class='ocrx_word' id='word_1_84' title='bbox 1543 1001 1853 1050; x_wconf 86' lang='lat' dir='ltr'><strong>abominandas</strong></span> 
     </span>
     <span class='ocr_line' id='line_1_12' title="bbox 303 1081 1853 1142; baseline 0.001 -15"><span class='ocrx_word' id='word_1_85' title='bbox 303 1081 454 1128; x_wconf 77' lang='lat' dir='ltr'><strong>caedes</strong></span> <span class='ocrx_word' id='word_1_86' title='bbox 489 1095 562 1141; x_wconf 87' lang='lat' dir='ltr'><strong>per</strong></span> <span class='ocrx_word' id='word_1_87' title='bbox 597 1081 845 1128; x_wconf 85' lang='lat' dir='ltr'><strong>abusionem</strong></span> <span class='ocrx_word' id='word_1_88' title='bbox 881 1082 1092 1141; x_wconf 90' lang='lat' dir='ltr'><strong>quandam</strong></span> <span class='ocrx_word' id='word_1_89' title='bbox 1128 1084 1381 1130; x_wconf 87' lang='lat' dir='ltr'><strong>translatum</strong></span> <span class='ocrx_word' id='word_1_90' title='bbox 1417 1097 1507 1130; x_wconf 87' lang='lat' dir='ltr'><strong>esse</strong></span> <span class='ocrx_word' id='word_1_91' title='bbox 1530 1085 1736 1142; x_wconf 72' lang='lat' dir='ltr'>statuant,</span> <span class='ocrx_word' id='word_1_92' title='bbox 1759 1094 1853 1129; x_wconf 85' lang='lat' dir='ltr'><strong>cum</strong></span> 
     </span>
     <span class='ocr_line' id='line_1_13' title="bbox 306 1162 1853 1224; baseline 0.001 -16"><span class='ocrx_word' id='word_1_93' title='bbox 306 1165 452 1222; x_wconf 85' lang='lat' dir='ltr'><strong>putent</strong></span> <span class='ocrx_word' id='word_1_94' title='bbox 472 1162 616 1209; x_wconf 90' lang='lat' dir='ltr'><strong>eodem</strong></span> <span class='ocrx_word' id='word_1_95' title='bbox 637 1162 859 1220; x_wconf 60' lang='lat' dir='ltr'><strong>vocabulo„</strong></span> <span class='ocrx_word' id='word_1_96' title='bbox 879 1162 990 1222; x_wconf 90' lang='lat' dir='ltr'><strong>quod</strong></span> <span class='ocrx_word' id='word_1_97' title='bbox 1010 1177 1134 1210; x_wconf 89' lang='lat' dir='ltr'><strong>sensu</strong></span> <span class='ocrx_word' id='word_1_98' title='bbox 1157 1165 1324 1224; x_wconf 87' lang='lat' dir='ltr'><strong>proprio</strong></span> <span class='ocrx_word' id='word_1_99' title='bbox 1340 1165 1489 1224; x_wconf 81' lang='lat' dir='ltr'><strong>patris</strong></span> <span class='ocrx_word' id='word_1_100' title='bbox 1512 1164 1690 1211; x_wconf 81' lang='lat' dir='ltr'><strong>caedem</strong></span> <span class='ocrx_word' id='word_1_101' title='bbox 1724 1165 1853 1224; x_wconf 81' lang='lat' dir='ltr'><strong>signi-</strong></span> 
     </span>
     <span class='ocr_line' id='line_1_14' title="bbox 308 1238 1856 1302; baseline 0 -15"><span class='ocrx_word' id='word_1_102' title='bbox 308 1241 417 1301; x_wconf 72' lang='lat' dir='ltr'><strong>sioet,</strong></span> <span class='ocrx_word' id='word_1_103' title='bbox 452 1255 578 1288; x_wconf 89' lang='lat' dir='ltr'><strong>sensu</strong></span> <span class='ocrx_word' id='word_1_104' title='bbox 614 1242 760 1288; x_wconf 83' lang='lat' dir='ltr'><strong>latiore</strong></span> <span class='ocrx_word' id='word_1_105' title='bbox 794 1242 991 1289; x_wconf 77' lang='lat' dir='ltr'><strong>aliorum</strong></span> <span class='ocrx_word' id='word_1_106' title='bbox 1044 1257 1207 1302; x_wconf 87' lang='lat' dir='ltr'><strong>quoque</strong></span> <span class='ocrx_word' id='word_1_107' title='bbox 1241 1244 1397 1289; x_wconf 80' lang='lat' dir='ltr'><strong>civium</strong></span> <span class='ocrx_word' id='word_1_108' title='bbox 1433 1242 1610 1289; x_wconf 73' lang='lat' dir='ltr'><strong>caedem</strong></span> <span class='ocrx_word' id='word_1_109' title='bbox 1644 1238 1856 1301; x_wconf 77' lang='lat' dir='ltr'><strong>designari</strong></span> 
     </span>
     <span class='ocr_line' id='line_1_15' title="bbox 309 1320 1858 1384; baseline 0 -17"><span class='ocrx_word' id='word_1_110' title='bbox 309 1334 439 1379; x_wconf 87' lang='lat' dir='ltr'><strong>posse.</strong></span> <span class='ocrx_word' id='word_1_111' title='bbox 475 1321 593 1377; x_wconf 76' lang='lat' dir='ltr'><strong>Quod</strong></span> <span class='ocrx_word' id='word_1_112' title='bbox 628 1323 662 1369; x_wconf 90' lang='lat' dir='ltr'><strong>si</strong></span> <span class='ocrx_word' id='word_1_113' title='bbox 700 1335 843 1369; x_wconf 88' lang='lat' dir='ltr'><strong>verum</strong></span> <span class='ocrx_word' id='word_1_114' title='bbox 878 1326 1002 1384; x_wconf 79' lang='lat' dir='ltr'><strong>esset,</strong></span> <span class='ocrx_word' id='word_1_115' title='bbox 1035 1323 1228 1370; x_wconf 86' lang='lat' dir='ltr'><strong>omnibus</strong></span> <span class='ocrx_word' id='word_1_116' title='bbox 1263 1326 1384 1383; x_wconf 84' lang='lat' dir='ltr'><strong>aequi</strong></span> <span class='ocrx_word' id='word_1_117' title='bbox 1419 1324 1597 1383; x_wconf 81' lang='lat' dir='ltr'><strong>iustique</strong></span> <span class='ocrx_word' id='word_1_118' title='bbox 1623 1320 1858 1369; x_wconf 84' lang='lat' dir='ltr'><strong>rationibus</strong></span> 
     </span>
     <span class='ocr_line' id='line_1_16' title="bbox 310 1401 1856 1465; baseline 0.001 -18"><span class='ocrx_word' id='word_1_119' title='bbox 310 1401 618 1449; x_wconf 84' lang='lat' dir='ltr'><strong>adversaretur.</strong></span> <span class='ocrx_word' id='word_1_120' title='bbox 656 1403 815 1458; x_wconf 70' lang='lat' dir='ltr'><strong>Quibus</strong></span> <span class='ocrx_word' id='word_1_121' title='bbox 852 1406 1056 1464; x_wconf 88' lang='lat' dir='ltr'><strong>reputatis</strong></span> <span class='ocrx_word' id='word_1_122' title='bbox 1094 1407 1388 1464; x_wconf 80' lang='lat' dir='ltr'><strong>perpensisque</strong></span> <span class='ocrx_word' id='word_1_123' title='bbox 1425 1404 1613 1465; x_wconf 80' lang='lat' dir='ltr'><strong>paricidii</strong></span> <span class='ocrx_word' id='word_1_124' title='bbox 1651 1416 1795 1450; x_wconf 85' lang='lat' dir='ltr'><strong>vooem</strong></span> <span class='ocrx_word' id='word_1_125' title='bbox 1832 1416 1856 1448; x_wconf 94' lang='lat' dir='ltr'><strong>a</strong></span> 
     </span>
     <span class='ocr_line' id='line_1_17' title="bbox 313 1481 1368 1542; baseline 0.003 -13"><span class='ocrx_word' id='word_1_126' title='bbox 313 1487 431 1542; x_wconf 89' lang='lat' dir='ltr'><strong>patre</strong></span> <span class='ocrx_word' id='word_1_127' title='bbox 467 1481 680 1532; x_wconf 83' lang='lat' dir='ltr'><strong>caedendo</strong></span> <span class='ocrx_word' id='word_1_128' title='bbox 717 1490 849 1531; x_wconf 87' lang='lat' dir='ltr'><strong>ortam</strong></span> <span class='ocrx_word' id='word_1_129' title='bbox 885 1498 976 1532; x_wconf 88' lang='lat' dir='ltr'><strong>esse</strong></span> <span class='ocrx_word' id='word_1_130' title='bbox 1012 1487 1180 1532; x_wconf 88' lang='lat' dir='ltr'><strong>minime</strong></span> <span class='ocrx_word' id='word_1_131' title='bbox 1214 1485 1368 1532; x_wconf 80' lang='lat' dir='ltr'><strong>eredes.</strong></span> 
     </span>
    </p>

    <p class='ocr_par' dir='ltr' id='par_1_3' title="bbox 441 1563 1856 1626">
     <span class='ocr_line' id='line_1_18' title="bbox 441 1563 1856 1626; baseline 0.001 -16"><span class='ocrx_word' id='word_1_132' title='bbox 441 1563 556 1620; x_wconf 73' lang='lat' dir='ltr'><strong>Quod</strong></span> <span class='ocrx_word' id='word_1_133' title='bbox 591 1566 625 1611; x_wconf 94' lang='lat' dir='ltr'><strong>si</strong></span> <span class='ocrx_word' id='word_1_134' title='bbox 660 1566 717 1612; x_wconf 89' lang='lat' dir='ltr'><strong>ita</strong></span> <span class='ocrx_word' id='word_1_135' title='bbox 755 1579 846 1612; x_wconf 89' lang='lat' dir='ltr'><strong>sese</strong></span> <span class='ocrx_word' id='word_1_136' title='bbox 881 1565 1024 1624; x_wconf 83' lang='lat' dir='ltr'><strong>habet,</strong></span> <span class='ocrx_word' id='word_1_137' title='bbox 1058 1566 1296 1613; x_wconf 81' lang='lat' dir='ltr'><strong>Bruneri</strong></span> <span class='ocrx_word' id='word_1_138' title='bbox 1333 1579 1494 1625; x_wconf 87' lang='lat' dir='ltr'><strong>quoque</strong></span> <span class='ocrx_word' id='word_1_139' title='bbox 1531 1566 1752 1626; x_wconf 79' lang='lat' dir='ltr'><strong>explicatio</strong></span> <span class='ocrx_word' id='word_1_140' title='bbox 1789 1578 1856 1611; x_wconf 88' lang='lat' dir='ltr'><strong>re·</strong></span> 
     </span>
    </p>
   </div>
   <div class='ocr_carea' id='block_1_3' title="bbox 309 1777 1877 2781">
    <p class='ocr_par' dir='ltr' id='par_1_4' title="bbox 309 1777 1877 2781">
     <span class='ocr_line' id='line_1_19' title="bbox 443 1777 1857 1821; baseline -0.003 -10"><span class='ocrx_word' id='word_1_141' title='bbox 443 1782 472 1821; x_wconf 88' lang='lat'><strong>¹)</strong></span> <span class='ocrx_word' id='word_1_142' title='bbox 496 1781 592 1812; x_wconf 85' lang='lat' dir='ltr'><strong>Conf.</strong></span> <span class='ocrx_word' id='word_1_143' title='bbox 617 1781 797 1813; x_wconf 75' lang='lat' dir='ltr'><strong>Plutarchi</strong></span> <span class='ocrx_word' id='word_1_144' title='bbox 822 1781 962 1811; x_wconf 86' lang='lat' dir='ltr'><strong>Romul.</strong></span> <span class='ocrx_word' id='word_1_145' title='bbox 988 1790 1014 1811; x_wconf 89' lang='lat' dir='ltr'><strong>c.</strong></span> <span class='ocrx_word' id='word_1_146' title='bbox 1041 1780 1102 1810; x_wconf 88' lang='lat'><strong>22:</strong></span> <span class='ocrx_word' id='word_1_147' title='bbox 1129 1779 1230 1810; x_wconf 74' lang='grc' dir='ltr'>«Ἰδιον</span> <span class='ocrx_word' id='word_1_148' title='bbox 1253 1779 1283 1810; x_wconf 83' lang='grc' dir='ltr'><strong>δὲ</strong></span> <span class='ocrx_word' id='word_1_149' title='bbox 1307 1777 1339 1810; x_wconf 81' lang='grc' dir='ltr'><strong>τὸ</strong></span> <span class='ocrx_word' id='word_1_150' title='bbox 1363 1779 1505 1820; x_wconf 78' lang='grc' dir='ltr'>μηδεμίαν</span> <span class='ocrx_word' id='word_1_151' title='bbox 1529 1779 1607 1817; x_wconf 72' lang='grc' dir='ltr'>δίκην</span> <span class='ocrx_word' id='word_1_152' title='bbox 1639 1777 1720 1808; x_wconf 73' lang='grc' dir='ltr'><strong>κατὰ</strong></span> <span class='ocrx_word' id='word_1_153' title='bbox 1744 1789 1857 1818; x_wconf 73' lang='grc' dir='ltr'>πατρο-</span> 
     </span>
     <span class='ocr_line' id='line_1_20' title="bbox 309 1835 1865 1882; baseline -0.002 -13"><span class='ocrx_word' id='word_1_154' title='bbox 309 1839 437 1870; x_wconf 72' lang='grc' dir='ltr'>κτόνων</span> <span class='ocrx_word' id='word_1_155' title='bbox 461 1838 595 1880; x_wconf 70' lang='grc' dir='ltr'>ὁρίσαντα</span> <span class='ocrx_word' id='word_1_156' title='bbox 619 1838 722 1871; x_wconf 79' lang='grc' dir='ltr'>πᾶσαν</span> <span class='ocrx_word' id='word_1_157' title='bbox 744 1838 970 1882; x_wconf 73' lang='grc' dir='ltr'><strong>ἂνδροφονίαν</strong></span> <span class='ocrx_word' id='word_1_158' title='bbox 995 1841 1230 1880; x_wconf 76' lang='grc' dir='ltr'><strong>πατροκτονίαν</strong></span> <span class='ocrx_word' id='word_1_159' title='bbox 1256 1842 1419 1879; x_wconf 77' lang='grc' dir='ltr'>προσειπεῖν</span> <span class='ocrx_word' id='word_1_160' title='bbox 1435 1864 1441 1871; x_wconf 90' lang='grc'><em>,</em></span> <span class='ocrx_word' id='word_1_161' title='bbox 1456 1837 1508 1874; x_wconf 80' lang='grc' dir='ltr'><strong>,ὡς</strong></span> <span class='ocrx_word' id='word_1_162' title='bbox 1545 1835 1623 1873; x_wconf 80' lang='grc' dir='ltr'>ὄντος</span> <span class='ocrx_word' id='word_1_163' title='bbox 1659 1836 1766 1867; x_wconf 60' lang='grc' dir='ltr'>ἐκείνου</span> <span class='ocrx_word' id='word_1_164' title='bbox 1789 1836 1865 1867; x_wconf 73' lang='grc' dir='ltr'>ἀδυ-</span> 
     </span>
     <span class='ocr_line' id='line_1_21' title="bbox 314 1894 1865 1940; baseline -0.002 -13"><span class='ocrx_word' id='word_1_165' title='bbox 314 1899 424 1928; x_wconf 77' lang='grc' dir='ltr'><strong>νάτου,</strong></span> <span class='ocrx_word' id='word_1_166' title='bbox 454 1896 510 1927; x_wconf 81' lang='grc' dir='ltr'><strong>Καὶ</strong></span> <span class='ocrx_word' id='word_1_167' title='bbox 535 1897 621 1940; x_wconf 63' lang='grc' dir='ltr'>μέχρι</span> <span class='ocrx_word' id='word_1_168' title='bbox 644 1896 758 1940; x_wconf 52' lang='grc' dir='ltr'>Ι-ρόνων</span> <span class='ocrx_word' id='word_1_169' title='bbox 781 1898 902 1928; x_wconf 77' lang='grc' dir='ltr'>πολλῶν</span> <span class='ocrx_word' id='word_1_170' title='bbox 926 1897 1021 1933; x_wconf 76' lang='grc' dir='ltr'>ἔδοξεν</span> <span class='ocrx_word' id='word_1_171' title='bbox 1045 1896 1137 1937; x_wconf 75' lang='grc' dir='ltr'>ὀρθῶς</span> <span class='ocrx_word' id='word_1_172' title='bbox 1162 1896 1327 1938; x_wconf 79' lang='grc' dir='ltr'>ἀπογνῶναι</span> <span class='ocrx_word' id='word_1_173' title='bbox 1363 1896 1413 1934; x_wconf 70' lang='grc' dir='ltr'><strong>τὴν</strong></span> <span class='ocrx_word' id='word_1_174' title='bbox 1445 1895 1581 1934; x_wconf 75' lang='grc' dir='ltr'>τοιαύτην</span> <span class='ocrx_word' id='word_1_175' title='bbox 1616 1894 1735 1925; x_wconf 69' lang='grc' dir='ltr'>ἀδικίαν·</span> <span class='ocrx_word' id='word_1_176' title='bbox 1774 1894 1865 1930; x_wconf 78' lang='grc' dir='ltr'>οὐδεὶς</span> 
     </span>
     <span class='ocr_line' id='line_1_22' title="bbox 313 1954 1865 2001; baseline -0.002 -13"><span class='ocrx_word' id='word_1_177' title='bbox 313 1958 368 1999; x_wconf 70' lang='grc' dir='ltr'><strong>γὰρ</strong></span> <span class='ocrx_word' id='word_1_178' title='bbox 393 1958 493 1999; x_wconf 68' lang='grc' dir='ltr'>ἔδρασε</span> <span class='ocrx_word' id='word_1_179' title='bbox 517 1961 644 1989; x_wconf 66' lang='grc' dir='ltr'>τοιοῦτον</span> <span class='ocrx_word' id='word_1_180' title='bbox 670 1958 752 1989; x_wconf 78' lang='grc' dir='ltr'>οὐδὲν</span> <span class='ocrx_word' id='word_1_181' title='bbox 776 1959 803 1989; x_wconf 82' lang='grc' dir='ltr'><strong>ἐν</strong></span> <span class='ocrx_word' id='word_1_182' title='bbox 824 1959 929 2000; x_wconf 78' lang='grc' dir='ltr'>Ῥώμῃ</span> <span class='ocrx_word' id='word_1_183' title='bbox 954 1956 1060 2001; x_wconf 70' lang='grc' dir='ltr'>σχεδὸν</span> <span class='ocrx_word' id='word_1_184' title='bbox 1095 1958 1166 1989; x_wconf 82' lang='grc' dir='ltr'>ἐτῶν</span> <span class='ocrx_word' id='word_1_185' title='bbox 1201 1957 1358 1993; x_wconf 67' lang='grc' dir='ltr'>ἑξακοπίων</span> <span class='ocrx_word' id='word_1_186' title='bbox 1381 1957 1603 1998; x_wconf 35' lang='grc' dir='ltr'>διαγενομένωνῖ</span> <span class='ocrx_word' id='word_1_187' title='bbox 1639 1954 1718 1985; x_wconf 73' lang='grc' dir='ltr'>ἀλλὰ</span> <span class='ocrx_word' id='word_1_188' title='bbox 1751 1958 1865 1996; x_wconf 68' lang='grc' dir='ltr'>πρῶτος</span> 
     </span>
     <span class='ocr_line' id='line_1_23' title="bbox 315 2015 1868 2060; baseline -0.002 -11"><span class='ocrx_word' id='word_1_189' title='bbox 315 2017 388 2059; x_wconf 74' lang='grc' dir='ltr'>μετὰ</span> <span class='ocrx_word' id='word_1_190' title='bbox 411 2016 458 2049; x_wconf 77' lang='grc' dir='ltr'><strong>τὸν</strong></span> <span class='ocrx_word' id='word_1_191' title='bbox 483 2015 662 2059; x_wconf 79' lang='grc' dir='ltr'>Ἀννιβιακὸν</span> <span class='ocrx_word' id='word_1_192' title='bbox 684 2017 809 2060; x_wconf 79' lang='grc' dir='ltr'>πόλεμον</span> <span class='ocrx_word' id='word_1_193' title='bbox 833 2018 1112 2060; x_wconf 76' lang='grc' dir='ltr'>ἱστορεῖταιΛεύκιος</span> <span class='ocrx_word' id='word_1_194' title='bbox 1132 2017 1264 2052; x_wconf 62' lang='grc' dir='ltr'>*Ὀστιος</span> <span class='ocrx_word' id='word_1_195' title='bbox 1288 2015 1479 2057; x_wconf 80' lang='grc' dir='ltr'>πατροκτόνος</span> <span class='ocrx_word' id='word_1_196' title='bbox 1494 2015 1654 2057; x_wconf 74' lang='grc' dir='ltr'>γενέσθαι».</span> <span class='ocrx_word' id='word_1_197' title='bbox 1696 2015 1792 2046; x_wconf 83' lang='lat' dir='ltr'>Adde</span> <span class='ocrx_word' id='word_1_198' title='bbox 1814 2015 1868 2047; x_wconf 84' lang='lat' dir='ltr'><strong>Se-</strong></span> 
     </span>
     <span class='ocr_line' id='line_1_24' title="bbox 314 2075 1867 2118; baseline -0.002 -10"><span class='ocrx_word' id='word_1_199' title='bbox 314 2087 417 2109; x_wconf 80' lang='lat' dir='ltr'><strong>necae</strong></span> <span class='ocrx_word' id='word_1_200' title='bbox 442 2078 481 2108; x_wconf 77' lang='lat' dir='ltr'><strong>de</strong></span> <span class='ocrx_word' id='word_1_201' title='bbox 505 2078 603 2109; x_wconf 86' lang='lat' dir='ltr'><strong>clem.</strong></span> <span class='ocrx_word' id='word_1_202' title='bbox 630 2079 735 2110; x_wconf 84' lang='lat' dir='ltr'><strong>verba</strong></span> <span class='ocrx_word' id='word_1_203' title='bbox 760 2078 791 2118; x_wconf 94' lang='grc' dir='ltr'><strong>(Ι</strong></span> <span class='ocrx_word' id='word_1_204' title='bbox 817 2079 886 2118; x_wconf 81' lang='lat'><strong>23):</strong></span> <span class='ocrx_word' id='word_1_205' title='bbox 912 2079 1043 2111; x_wconf 84' lang='lat' dir='ltr'><strong>«Multo</strong></span> <span class='ocrx_word' id='word_1_206' title='bbox 1068 2079 1184 2109; x_wconf 85' lang='lat' dir='ltr'><strong>minus</strong></span> <span class='ocrx_word' id='word_1_207' title='bbox 1221 2077 1395 2109; x_wconf 81' lang='lat' dir='ltr'><strong>audebant</strong></span> <span class='ocrx_word' id='word_1_208' title='bbox 1431 2077 1531 2108; x_wconf 87' lang='lat' dir='ltr'><strong>liberi</strong></span> <span class='ocrx_word' id='word_1_209' title='bbox 1570 2075 1664 2106; x_wconf 82' lang='lat' dir='ltr'><strong>nefus</strong></span> <span class='ocrx_word' id='word_1_210' title='bbox 1702 2075 1867 2107; x_wconf 84' lang='lat' dir='ltr'><strong>ultimum</strong></span> 
     </span>
     <span class='ocr_line' id='line_1_25' title="bbox 317 2135 1869 2178; baseline -0.003 -11"><span class='ocrx_word' id='word_1_211' title='bbox 317 2137 513 2178; x_wconf 67' lang='lat' dir='ltr'><strong>admittere,</strong></span> <span class='ocrx_word' id='word_1_212' title='bbox 537 2138 703 2178; x_wconf 79' lang='lat' dir='ltr'><strong>quamdiu</strong></span> <span class='ocrx_word' id='word_1_213' title='bbox 727 2141 792 2169; x_wconf 77' lang='lat' dir='ltr'><strong>sine</strong></span> <span class='ocrx_word' id='word_1_214' title='bbox 806 2138 868 2178; x_wconf 71' lang='lat' dir='ltr'><strong>leqe</strong></span> <span class='ocrx_word' id='word_1_215' title='bbox 881 2139 1012 2170; x_wconf 85' lang='lat' dir='ltr'><strong>crimen</strong></span> <span class='ocrx_word' id='word_1_216' title='bbox 1037 2138 1142 2170; x_wconf 85' lang='lat' dir='ltr'><strong>fuit...</strong></span> <span class='ocrx_word' id='word_1_217' title='bbox 1164 2138 1284 2177; x_wconf 80' lang='lat' dir='ltr'><strong>Itaque</strong></span> <span class='ocrx_word' id='word_1_218' title='bbox 1297 2136 1526 2178; x_wconf 78' lang='lat' dir='ltr'><strong>par(r)icidae</strong></span> <span class='ocrx_word' id='word_1_219' title='bbox 1551 2135 1660 2176; x_wconf 82' lang='lat' dir='ltr'><strong>alege</strong></span> <span class='ocrx_word' id='word_1_220' title='bbox 1680 2136 1869 2175; x_wconf 85' lang='lat' dir='ltr'><strong>coeperunt</strong></span> 
     </span>
     <span class='ocr_line' id='line_1_26' title="bbox 318 2192 1869 2238; baseline -0.003 -11"><span class='ocrx_word' id='word_1_221' title='bbox 318 2200 351 2227; x_wconf 83' lang='lat' dir='ltr'><strong>et</strong></span> <span class='ocrx_word' id='word_1_222' title='bbox 374 2196 447 2228; x_wconf 84' lang='lat' dir='ltr'><strong>illis</strong></span> <span class='ocrx_word' id='word_1_223' title='bbox 472 2196 607 2229; x_wconf 82' lang='lat' dir='ltr'><strong>facinus</strong></span> <span class='ocrx_word' id='word_1_224' title='bbox 631 2207 737 2238; x_wconf 84' lang='lat' dir='ltr'><strong>poena</strong></span> <span class='ocrx_word' id='word_1_225' title='bbox 762 2198 1005 2230; x_wconf 80' lang='lat' dir='ltr'><strong>monstravit».</strong></span> <span class='ocrx_word' id='word_1_226' title='bbox 1029 2198 1148 2229; x_wconf 84' lang='lat' dir='ltr'><strong>Cicero</strong></span> <span class='ocrx_word' id='word_1_227' title='bbox 1161 2206 1297 2237; x_wconf 87' lang='lat' dir='ltr'><strong>quoque</strong></span> <span class='ocrx_word' id='word_1_228' title='bbox 1321 2194 1506 2235; x_wconf 71' lang='lat' dir='ltr'><strong>(Rosc.11,</strong></span> <span class='ocrx_word' id='word_1_229' title='bbox 1524 2194 1584 2233; x_wconf 85' lang='lat'><strong>30)</strong></span> <span class='ocrx_word' id='word_1_230' title='bbox 1606 2194 1717 2234; x_wconf 80' lang='lat' dir='ltr'><strong>patris</strong></span> <span class='ocrx_word' id='word_1_231' title='bbox 1734 2192 1869 2224; x_wconf 78' lang='lat' dir='ltr'><strong>caedem</strong></span> 
     </span>
     <span class='ocr_line' id='line_1_27' title="bbox 321 2251 1870 2299; baseline -0.003 -13"><span class='ocrx_word' id='word_1_232' title='bbox 321 2257 471 2287; x_wconf 79' lang='lat' dir='ltr'><strong>«crimen</strong></span> <span class='ocrx_word' id='word_1_233' title='bbox 495 2257 718 2289; x_wconf 78' lang='lat' dir='ltr'><strong>incredibile»</strong></span> <span class='ocrx_word' id='word_1_234' title='bbox 746 2262 780 2289; x_wconf 83' lang='lat' dir='ltr'><strong>et</strong></span> <span class='ocrx_word' id='word_1_235' title='bbox 804 2267 908 2299; x_wconf 88' lang='lat' dir='ltr'><strong>porro</strong></span> <span class='ocrx_word' id='word_1_236' title='bbox 931 2258 1033 2296; x_wconf 89' lang='lat' dir='ltr'><strong>(ibid.</strong></span> <span class='ocrx_word' id='word_1_237' title='bbox 1050 2257 1102 2297; x_wconf 73' lang='grc' dir='ltr'><strong>13Ἶ</strong></span> <span class='ocrx_word' id='word_1_238' title='bbox 1117 2257 1175 2295; x_wconf 82' lang='grc'><strong>38)</strong></span> <span class='ocrx_word' id='word_1_239' title='bbox 1202 2260 1374 2296; x_wconf 64' lang='lat' dir='ltr'><strong>utentum,</strong></span> <span class='ocrx_word' id='word_1_240' title='bbox 1389 2258 1459 2287; x_wconf 75' lang='lat' dir='ltr'><strong>tam</strong></span> <span class='ocrx_word' id='word_1_241' title='bbox 1475 2257 1592 2296; x_wconf 64' lang='lat' dir='ltr'><strong>atrox,</strong></span> <span class='ocrx_word' id='word_1_242' title='bbox 1607 2256 1678 2284; x_wconf 81' lang='lat' dir='ltr'><strong>tam</strong></span> <span class='ocrx_word' id='word_1_243' title='bbox 1694 2251 1870 2292; x_wconf 76' lang='lat' dir='ltr'><strong>singulare</strong></span> 
     </span>
     <span class='ocr_line' id='line_1_28' title="bbox 321 2310 1872 2358; baseline -0.003 -13"><span class='ocrx_word' id='word_1_244' title='bbox 321 2316 546 2347; x_wconf 76' lang='lat' dir='ltr'><strong>maleficium»</strong></span> <span class='ocrx_word' id='word_1_245' title='bbox 574 2317 726 2358; x_wconf 83' lang='lat' dir='ltr'><strong>appellat</strong></span> <span class='ocrx_word' id='word_1_246' title='bbox 751 2317 806 2349; x_wconf 83' lang='lat' dir='ltr'><strong>his</strong></span> <span class='ocrx_word' id='word_1_247' title='bbox 829 2318 981 2350; x_wconf 75' lang='lat' dir='ltr'><strong>additis:</strong></span> <span class='ocrx_word' id='word_1_248' title='bbox 1007 2317 1125 2356; x_wconf 78' lang='lat' dir='ltr'><strong>«Quod</strong></span> <span class='ocrx_word' id='word_1_249' title='bbox 1150 2318 1197 2348; x_wconf 83' lang='lat' dir='ltr'><strong>ita</strong></span> <span class='ocrx_word' id='word_1_250' title='bbox 1216 2326 1295 2348; x_wconf 80' lang='lat' dir='ltr'><strong>raro</strong></span> <span class='ocrx_word' id='word_1_251' title='bbox 1309 2316 1461 2355; x_wconf 60' lang='lat' dir='ltr'><strong>exstitit,</strong></span> <span class='ocrx_word' id='word_1_252' title='bbox 1485 2319 1535 2355; x_wconf 55' lang='lat' dir='ltr'><strong>ut„</strong></span> <span class='ocrx_word' id='word_1_253' title='bbox 1559 2315 1588 2346; x_wconf 82' lang='lat' dir='ltr'><strong>si</strong></span> <span class='ocrx_word' id='word_1_254' title='bbox 1612 2313 1750 2354; x_wconf 80' lang='lat' dir='ltr'><strong>quando</strong></span> <span class='ocrx_word' id='word_1_255' title='bbox 1775 2310 1872 2343; x_wconf 75' lang='lat' dir='ltr'><strong>audi-</strong></span> 
     </span>
     <span class='ocr_line' id='line_1_29' title="bbox 320 2370 1872 2418; baseline -0.003 -13"><span class='ocrx_word' id='word_1_256' title='bbox 320 2378 394 2405; x_wconf 87' lang='lat' dir='ltr'><strong>tum</strong></span> <span class='ocrx_word' id='word_1_257' title='bbox 419 2377 478 2416; x_wconf 62' lang='lat' dir='ltr'><strong>sit,</strong></span> <span class='ocrx_word' id='word_1_258' title='bbox 503 2378 655 2417; x_wconf 85' lang='lat' dir='ltr'><strong>portenti</strong></span> <span class='ocrx_word' id='word_1_259' title='bbox 677 2387 716 2408; x_wconf 78' lang='lat' dir='ltr'><strong>ac</strong></span> <span class='ocrx_word' id='word_1_260' title='bbox 739 2378 890 2418; x_wconf 86' lang='lat' dir='ltr'><strong>prodigii</strong></span> <span class='ocrx_word' id='word_1_261' title='bbox 915 2377 1032 2408; x_wconf 86' lang='lat' dir='ltr'><strong>simile</strong></span> <span class='ocrx_word' id='word_1_262' title='bbox 1056 2379 1293 2408; x_wconf 78' lang='lat' dir='ltr'><strong>numeretur».</strong></span> <span class='ocrx_word' id='word_1_263' title='bbox 1322 2375 1368 2407; x_wconf 80' lang='lat' dir='ltr'><strong>At</strong></span> <span class='ocrx_word' id='word_1_264' title='bbox 1392 2374 1622 2415; x_wconf 70' lang='lat' dir='ltr'><strong>imperatoria</strong></span> <span class='ocrx_word' id='word_1_265' title='bbox 1657 2375 1771 2402; x_wconf 81' lang='lat' dir='ltr'><strong>aetate</strong></span> <span class='ocrx_word' id='word_1_266' title='bbox 1809 2370 1872 2401; x_wconf 84' lang='lat' dir='ltr'><strong>eri-</strong></span> 
     </span>
     <span class='ocr_line' id='line_1_30' title="bbox 322 2430 1874 2478; baseline -0.005 -12"><span class='ocrx_word' id='word_1_267' title='bbox 322 2444 398 2466; x_wconf 87' lang='lat' dir='ltr'><strong>men</strong></span> <span class='ocrx_word' id='word_1_268' title='bbox 435 2436 535 2468; x_wconf 82' lang='lat' dir='ltr'><strong>occisi</strong></span> <span class='ocrx_word' id='word_1_269' title='bbox 575 2438 684 2478; x_wconf 78' lang='lat' dir='ltr'><strong>patris</strong></span> <span class='ocrx_word' id='word_1_270' title='bbox 720 2447 739 2468; x_wconf 81' lang='lat' dir='ltr'>a</span> <span class='ocrx_word' id='word_1_271' title='bbox 774 2437 846 2468; x_wconf 87' lang='lat' dir='ltr'><strong>filio</strong></span> <span class='ocrx_word' id='word_1_272' title='bbox 869 2436 964 2468; x_wconf 79' lang='lat' dir='ltr'><strong>haud</strong></span> <span class='ocrx_word' id='word_1_273' title='bbox 988 2436 1173 2468; x_wconf 75' lang='lat' dir='ltr'><strong>insolitum</strong></span> <span class='ocrx_word' id='word_1_274' title='bbox 1188 2436 1293 2467; x_wconf 77' lang='lat' dir='ltr'><strong>fuisse</strong></span> <span class='ocrx_word' id='word_1_275' title='bbox 1307 2437 1482 2467; x_wconf 75' lang='lat' dir='ltr'><strong>testantur</strong></span> <span class='ocrx_word' id='word_1_276' title='bbox 1495 2432 1642 2464; x_wconf 80' lang='lat' dir='ltr'><strong>Senecae</strong></span> <span class='ocrx_word' id='word_1_277' title='bbox 1667 2431 1690 2462; x_wconf 93' lang='lat' dir='ltr'><strong>l.</strong></span> <span class='ocrx_word' id='word_1_278' title='bbox 1707 2431 1730 2462; x_wconf 91' lang='lat' dir='ltr'><strong>l.</strong></span> <span class='ocrx_word' id='word_1_279' title='bbox 1745 2430 1874 2461; x_wconf 73' lang='lat' dir='ltr'><strong>verba:</strong></span> 
     </span>
     <span class='ocr_line' id='line_1_31' title="bbox 324 2491 1876 2537; baseline -0.001 -14"><span class='ocrx_word' id='word_1_280' title='bbox 324 2496 494 2527; x_wconf 79' lang='lat' dir='ltr'><strong>‹Pessimo</strong></span> <span class='ocrx_word' id='word_1_281' title='bbox 518 2497 594 2528; x_wconf 87' lang='lat' dir='ltr'><strong>loco</strong></span> <span class='ocrx_word' id='word_1_282' title='bbox 608 2498 720 2537; x_wconf 81' lang='lat' dir='ltr'><strong>pietas</strong></span> <span class='ocrx_word' id='word_1_283' title='bbox 734 2497 813 2535; x_wconf 68' lang='lat' dir='ltr'><strong>suit,</strong></span> <span class='ocrx_word' id='word_1_284' title='bbox 826 2499 1007 2537; x_wconf 80' lang='lat' dir='ltr'><strong>postquam</strong></span> <span class='ocrx_word' id='word_1_285' title='bbox 1023 2497 1160 2536; x_wconf 77' lang='lat' dir='ltr'><strong>saepius</strong></span> <span class='ocrx_word' id='word_1_286' title='bbox 1173 2494 1306 2526; x_wconf 85' lang='lat' dir='ltr'><strong>culleos</strong></span> <span class='ocrx_word' id='word_1_287' title='bbox 1319 2493 1470 2524; x_wconf 79' lang='lat' dir='ltr'><strong>vidimus</strong></span> <span class='ocrx_word' id='word_1_288' title='bbox 1483 2501 1589 2532; x_wconf 77' lang='lat' dir='ltr'><strong>quam</strong></span> <span class='ocrx_word' id='word_1_289' title='bbox 1613 2499 1761 2522; x_wconf 81' lang='lat' dir='ltr'><strong>eruces».</strong></span> <span class='ocrx_word' id='word_1_290' title='bbox 1779 2491 1876 2521; x_wconf 76' lang='lat' dir='ltr'><strong>Atta-</strong></span> 
     </span>
     <span class='ocr_line' id='line_1_32' title="bbox 324 2550 1875 2597; baseline -0.004 -11"><span class='ocrx_word' id='word_1_291' title='bbox 324 2566 402 2586; x_wconf 87' lang='lat' dir='ltr'><strong>men</strong></span> <span class='ocrx_word' id='word_1_292' title='bbox 417 2555 649 2588; x_wconf 83' lang='lat' dir='ltr'><strong>nihilominus</strong></span> <span class='ocrx_word' id='word_1_293' title='bbox 673 2558 826 2597; x_wconf 82' lang='lat' dir='ltr'><strong>ipsarum</strong></span> <span class='ocrx_word' id='word_1_294' title='bbox 851 2556 1026 2597; x_wconf 84' lang='lat' dir='ltr'><strong>patricidii</strong></span> <span class='ocrx_word' id='word_1_295' title='bbox 1050 2564 1232 2586; x_wconf 80' lang='lat' dir='ltr'><strong>causarum</strong></span> <span class='ocrx_word' id='word_1_296' title='bbox 1247 2554 1337 2594; x_wconf 79' lang='lat' dir='ltr'><strong>apud</strong></span> <span class='ocrx_word' id='word_1_297' title='bbox 1351 2553 1536 2592; x_wconf 77' lang='lat' dir='ltr'><strong>scriptores</strong></span> <span class='ocrx_word' id='word_1_298' title='bbox 1549 2550 1721 2582; x_wconf 83' lang='lat' dir='ltr'><strong>Romanos</strong></span> <span class='ocrx_word' id='word_1_299' title='bbox 1734 2559 1875 2592; x_wconf 76' lang='lat' dir='ltr'><strong>perraro</strong></span> 
     </span>
     <span class='ocr_line' id='line_1_33' title="bbox 323 2608 1877 2656; baseline -0.004 -10"><span class='ocrx_word' id='word_1_300' title='bbox 323 2617 538 2647; x_wconf 86' lang='lat' dir='ltr'><strong>mentionem</strong></span> <span class='ocrx_word' id='word_1_301' title='bbox 562 2617 635 2647; x_wconf 84' lang='lat' dir='ltr'><strong>fieri</strong></span> <span class='ocrx_word' id='word_1_302' title='bbox 659 2616 783 2647; x_wconf 81' lang='lat' dir='ltr'><strong>docent</strong></span> <span class='ocrx_word' id='word_1_303' title='bbox 808 2615 927 2646; x_wconf 82' lang='lat' dir='ltr'><strong>Rein</strong></span> <span class='ocrx_word' id='word_1_304' title='bbox 953 2614 1008 2656; x_wconf 88' lang='lat' dir='ltr'><strong>(in</strong></span> <span class='ocrx_word' id='word_1_305' title='bbox 1046 2612 1170 2652; x_wconf 80' lang='lat' dir='ltr'><strong>Paulyi</strong></span> <span class='ocrx_word' id='word_1_306' title='bbox 1209 2610 1598 2651; x_wconf 78' lang='lat' dir='ltr'><strong>«Realencyclopaedio»</strong></span> <span class='ocrx_word' id='word_1_307' title='bbox 1635 2619 1661 2640; x_wconf 86' lang='lat' dir='ltr'><strong>s.</strong></span> <span class='ocrx_word' id='word_1_308' title='bbox 1699 2610 1764 2650; x_wconf 35' lang='lat' dir='ltr'><strong>vi),</strong></span> <span class='ocrx_word' id='word_1_309' title='bbox 1797 2608 1877 2640; x_wconf 87' lang='lat' dir='ltr'><strong>Ru-</strong></span> 
     </span>
     <span class='ocr_line' id='line_1_34' title="bbox 325 2668 1875 2718; baseline -0.005 -11"><span class='ocrx_word' id='word_1_310' title='bbox 325 2677 345 2707; x_wconf 90' lang='lat' dir='ltr'><strong>d</strong></span> <span class='ocrx_word' id='word_1_311' title='bbox 360 2684 379 2706; x_wconf 91' lang='lat'>0</span> <span class='ocrx_word' id='word_1_312' title='bbox 394 2675 465 2707; x_wconf 83' lang='lat' dir='ltr'><strong>rfs</strong></span> <span class='ocrx_word' id='word_1_313' title='bbox 504 2678 542 2708; x_wconf 90' lang='lat' dir='ltr'><strong>in</strong></span> <span class='ocrx_word' id='word_1_314' title='bbox 590 2676 693 2717; x_wconf 52' lang='lat' dir='ltr'><strong>libi-o³</strong></span> <span class='ocrx_word' id='word_1_315' title='bbox 729 2677 789 2717; x_wconf 90' lang='lat' dir='ltr'><strong>qui</strong></span> <span class='ocrx_word' id='word_1_316' title='bbox 835 2674 1041 2707; x_wconf 81' lang='lat' dir='ltr'><strong>inscribitur</strong></span> <span class='ocrx_word' id='word_1_317' title='bbox 1091 2671 1293 2705; x_wconf 76' lang='lat' dir='ltr'><strong>‹Romischo</strong></span> <span class='ocrx_word' id='word_1_318' title='bbox 1327 2668 1673 2718; x_wconf 75' lang='lat' dir='ltr'><strong>Reclitsgescliiclite··</strong></span> <span class='ocrx_word' id='word_1_319' title='bbox 1714 2671 1739 2701; x_wconf 83' lang='lat' dir='ltr'><strong>t.</strong></span> <span class='ocrx_word' id='word_1_320' title='bbox 1776 2668 1808 2701; x_wconf 90' lang='lat'><strong>11</strong></span> <span class='ocrx_word' id='word_1_321' title='bbox 1843 2679 1875 2717; x_wconf 83' lang='lat' dir='ltr'><strong>p.</strong></span> 
     </span>
     <span class='ocr_line' id='line_1_35' title="bbox 323 2739 497 2781; baseline -0.006 -5"><span class='ocrx_word' id='word_1_322' title='bbox 323 2741 398 2781; x_wconf 69' lang='lat'><strong>375,</strong></span> <span class='ocrx_word' id='word_1_323' title='bbox 424 2739 497 2775; x_wconf 59' lang='lat' dir='ltr'><strong>alii,</strong></span> 
     </span>
    </p>
   </div>
  </div>
 </body>
</html>
