2120 3257
1006 174 1031 212 8

241 314 453 360 nationum
489 314 530 359 in
567 315 773 361 auxilium
801 314 1005 361 advocata
1033 316 1116 362 iam
1153 314 1321 373 Voigt
1356 318 1452 372 apte
1472 313 1685 378 refutavit,
1721 312 1789 370 qui

240 396 265 440 l.
304 395 327 440 l.
360 409 397 453 p.
424 396 480 441 59
502 394 714 439 adn.133
747 394 939 447 ostendit,
985 410 1110 454 quam
1145 394 1374 442 absurdum
1410 396 1519 440 esset
1562 393 1605 439 in
1654 393 1788 451 priore

238 474 454 532 compositi
489 472 686 520 vocabuli
722 477 841 533 parte
875 476 1167 530 Sanslfritam,
1201 475 1244 520 in
1293 473 1517 533 posteriore
1552 474 1693 518 autem
1728 473 1789 518 la-

238 554 378 599 tinam
425 555 597 613 stirpem
625 552 995 614 villere1).1taque
1043 554 1338 603 Mommsen
1383 555 1471 614 ipse
1505 554 1548 600 in
1584 551 1688 599 libro
1714 566 1787 600 no-

241 635 406 681 vissime
451 633 560 681 edito
578 635 617 690 2)
664 637 841 692 priorem
888 636 1008 682 vocis
1057 638 1218 696 partem
1254 632 1470 696 (pari--)
1508 635 1667 694 priscae
1693 633 1787 681 lati-

241 716 361 760 nitati
398 714 694 761 vindicandam
729 729 821 763 esse
844 719 1004 770 censet.
1041 730 1149 775 quae
1189 717 1361 778 famer,
1389 715 1543 772 salso·
1585 714 1791 775 significet

239 796 281 841 et
305 797 346 840 iu
372 796 466 841 aliis
491 795 725 853 vocabulis,
751 797 864 843 velut
901 798 1143 856 periurium,
1175 797 1419 856 perduellio,
1445 796 1672 844 recentiori
1708 796 1788 842 tor-

242 888 334 920 mae
380 877 474 933 (per
490 878 560 932 -)
585 875 723 922 locum
758 877 955 935 cesserit3
992 879 1130 936 itaque
1147 877 1393 936 paricidium
1418 876 1527 923 idem
1551 890 1642 923 esse
1666 878 1790 933 atque

242 955 531 1015 germanicum
574 955 666 1002 «die
710 956 808 1003 bose
833 956 1070 1018 Todtung».
1108 956 1304 1003 Attamen
1366 956 1675 1004 vetustissimae
1714 956 1790 1002 lin-

240 1048 348 1094 guae
390 1036 549 1081 latinae
597 1037 927 1095 pari—sormam
964 1040 1185 1097 assignare
1221 1039 1466 1084 testimoniis
1502 1036 1791 1083 deficientibus

244 1115 363 1162 valde
398 1115 570 1164 dubium
607 1132 697 1165 esse
743 1119 919 1166 videtur.

373 1206 485 1254 Haec
520 1209 605 1256 tere
641 1212 827 1269 exstant,
863 1224 971 1270 quae
1008 1209 1061 1256 ab
1096 1210 1191 1258 aliis
1226 1210 1468 1267 enucleata,
1509 1207 1564 1255 ab
1600 1207 1694 1254 aliis
1730 1220 1792 1254 re-

247 1290 356 1334 iecta
408 1293 518 1335 sunt.
567 1289 751 1345 Quorum
799 1292 969 1351 longam
1016 1292 1164 1338 seriem
1195 1292 1229 1336 si
1279 1289 1603 1350 perlustramuS,
1652 1288 1792 1334 faeere

245 1383 328 1415 non
382 1383 614 1430 possumus,
649 1373 749 1430 quin
801 1372 1009 1418 fateamur
1055 1374 1187 1430 ipsam
1232 1372 1522 1429 quaestionem
1573 1371 1790 1427 hucusque

253 1448 360 1496 «sub
395 1449 559 1498 iudice»
602 1465 708 1509 esse,
744 1464 840 1498 cum
889 1465 940 1498 ne
978 1465 1060 1498 una
1097 1450 1260 1511 quidem
1307 1451 1529 1511 originatio
1575 1449 1629 1496 ab
1678 1449 1791 1496 ouini

249 1533 367 1588 parte
403 1531 570 1591 probari
591 1533 733 1591 possit.
758 1533 955 1578 Attamen
974 1533 1247 1579 nihilominus
1267 1531 1315 1578 de
1352 1530 1583 1590 quaerendi
1622 1542 1792 1576 succes-

249 1625 296 1657 su
325 1626 408 1659 non
448 1617 510 1659 est
534 1612 970 1673 desperandumiam
997 1612 1420 1674 Osenbriiggem
1446 1615 1535 1672 post
1559 1624 1655 1658 eum
1691 1622 1789 1657 vero

251 1692 418 1752 Voigt
454 1695 607 1753 optime
643 1697 964 1753 perspexerunt,
990 1693 1098 1740 unde
1124 1695 1163 1740 in
1192 1695 1434 1753 quaestione
1470 1691 1671 1740 solvenda
1699 1704 1791 1751 pro·

252 1773 524 1820 ficiscendum
542 1778 679 1834 esset3
715 1773 867 1833 quibus
886 1777 1026 1820 tamen
1063 1776 1193 1820 totam
1231 1787 1317 1820 rem
1345 1774 1397 1820 ad
1419 1773 1542 1820 tinem
1566 1770 1793 1831 perducere

253 1868 335 1900 non
371 1855 564 1914 contigit,
599 1855 796 1913 quoniam
822 1856 878 1901 ab
902 1855 969 1912 iis,
1005 1855 1074 1913 qui
1111 1856 1151 1901 in
1188 1856 1402 1914 qaestione
1427 1852 1646 1901 tract-auda
1676 1865 1794 1912 prae-

251 1937 434 1995 iverant,
469 1935 769 1994 quodammodo
805 1936 1113 1982 afficiebantur.
1150 1935 1322 1982 Constat
1359 1937 1469 1982 enim
1516 1937 1622 1980 inter
1672 1936 1789 1980 vetu-

251 2016 459 2061 stissimas
497 2016 782 2062 Romanorum
819 2016 948 2074 leges,
982 2029 1089 2074 quae
1122 2018 1308 2061 aetatem
1333 2017 1539 2074 tulerunt,
1576 2027 1670 2060 eam
1693 2026 1793 2072 qno-

253 2110 331 2154 que
367 2097 592 2154 numerari7
627 2109 736 2155 quae
774 2095 986 2156 paricidae
1023 2097 1235 2143 notionem
1272 2097 1592 2143 accuratissime
1644 2093 1795 2141 descri-

255 2177 344 2239 bit3
380 2191 485 2237 quae
520 2191 543 2222 a
585 2176 712 2224 Paulo
750 2177 934 2225 Diacono
969 2189 1021 2224 ex
1059 2177 1176 2224 Festo
1213 2180 1410 2238 excerpta
1439 2179 1479 2224 et
1516 2179 1682 2225 servata
1712 2174 1794 2222 Nu-

255 2273 346 2305 mae
393 2260 479 2319 regi
526 2258 793 2307 adscribitur.
838 2258 973 2306 Verba
1021 2264 1161 2307 autem
1193 2262 1281 2319 ipsa
1318 2258 1424 2320 legis
1471 2262 1589 2306 sunt:
1628 2257 1675 2305 SI
1710 2256 1797 2313 QUI

253 2338 495 2385 HOMINEM
534 2339 762 2386 LIBERUM
799 2340 937 2386 DOLO
974 2340 1160 2387 SOIENS
1201 2339 1364 2386 MORTI
1413 2339 1552 2394 DU1T,
1602 2336 1797 2385 PARlOl-

380 2522 411 2562 ¹)
436 2521 600 2554 Indorum
636 2530 909 2564 graecorumque
941 2521 1129 2552 verborum
1166 2521 1316 2562 vestigia
1353 2521 1389 2551 in
1428 2520 1665 2553 Romanorum
1711 2520 1798 2550 unti-

250 2585 417 2623 quis-simo
447 2584 546 2614 cultu
581 2583 677 2614 civili
718 2584 752 2612 in
780 2583 983 2613 universum
1021 2591 1100 2612 rar-a.
1123 2591 1194 2613 esse
1219 2581 1335 2613 docuit
1370 2582 1442 2621 ipse
1480 2580 1727 2612 Schrader·
1762 2581 1798 2611 in

251 2642 354 2681 libro.
380 2652 482 2683 quem
507 2652 610 2683 supra
635 2641 870 2681 laudavimus,
895 2650 926 2682 p.
953 2640 1015 2671 172
1040 2649 1110 2680 sqq.
1137 2640 1206 2679 (ed.
1232 2640 1293 2678 ΙΙ).

380 2712 410 2750 ²)
434 2713 634 2745 Riimisclies
657 2713 860 2752 Strati-echt,
885 2723 917 2753 p.
941 2711 1003 2743 612
1029 2711 1108 2742 udn.
1133 2711 1153 2742 3
1178 2712 1260 2743 coll.
1283 2721 1318 2752 p.
1340 2711 1401 2743 537
1426 2712 1505 2742 adn.
1530 2711 1561 2742 1.
1588 2712 1684 2744 Cous.
1712 2713 1801 2744 eius-

251 2773 327 2806 dem
361 2773 477 2804 dium.
501 2773 735 2805 Stnntsrecht»
764 2784 794 2814 p.
820 2773 884 2803 508
906 2772 987 2804 adn.
1014 2773 1045 2802 2.
