2120 3257
985 1224 1083 1255 Nihil
1106 1228 1176 1255 tam
1201 1222 1340 1254 difficile
1363 1226 1426 1258 est,
1450 1224 1537 1262 quin
1562 1222 1759 1262 quaerendo

1253 1277 1462 1316 investigari
1486 1277 1626 1317 possiet.

1376 1350 1562 1382 Terentius.

350 1499 462 1545 Inter
496 1499 788 1557 antiquissima
826 1496 1048 1554 vocabula„
1072 1510 1248 1555 quorum
1273 1497 1387 1556 origo
1414 1508 1543 1554 usque
1567 1495 1618 1542 ad
1646 1496 1759 1542 hunc

224 1578 329 1625 diem
364 1592 488 1625 caeca
525 1579 659 1626 noctis
694 1579 874 1639 caligine
908 1577 1057 1624 obruta
1093 1578 1211 1637 latet,
1247 1577 1286 1623 id
1312 1590 1473 1637 quoque
1498 1581 1763 1637 numeratur,

224 1657 332 1717 quod
367 1660 410 1704 in
446 1658 577 1704 fronte
613 1658 737 1704 huius
773 1659 904 1703 nostri
940 1656 1073 1703 libelli
1100 1658 1326 1715 posuimus.
1352 1656 1503 1702 Omnes
1527 1657 1638 1702 enim
1665 1670 1761 1702 con-

225 1741 438 1785 troversae
472 1740 586 1785 vocis
622 1740 819 1796 rationes7
854 1752 961 1796 quae
995 1737 1050 1784 ab
1086 1737 1323 1784 hominibus
1361 1736 1492 1783 doctis
1516 1738 1557 1782 et
1581 1738 1765 1795 antiquis

227 1822 268 1866 et
303 1819 601 1867 recentioribus
637 1819 841 1866 enodatae
877 1820 989 1879 sunt,
1035 1817 1413 1865 innumerabilibus
1448 1817 1766 1864 difficultatibus

229 1901 421 1948 laborant
456 1903 495 1947 et
531 1915 554 1946 a
591 1899 965 1947 verisimilitudinis
1001 1901 1134 1958 specie
1157 1899 1338 1958 quadam
1362 1899 1594 1947 abhorrere
1619 1898 1763 1945 viden-

227 1985 295 2028 tur
330 1983 404 2040 ita,
440 1984 486 2027 ut
523 1994 574 2026 ne
611 1994 693 2026 una
728 1980 893 2039 quidem
930 1979 1132 2026 derivatio
1180 1979 1371 2025 omnibus
1419 1979 1550 2026 modis
1597 1979 1766 2038 probari

229 2063 371 2123 possit.
410 2064 608 2109 Attamen
644 2074 786 2108 veram
822 2062 1005 2107 nominis
1041 2062 1242 2119 originem
1288 2059 1490 2119 indagare
1538 2063 1580 2106 et
1629 2073 1771 2119 perve-

229 2145 385 2206 stigare
422 2143 593 2190 maximi
629 2145 691 2189 est
724 2143 936 2199 momenti,
971 2154 1066 2188 cum
1101 2140 1196 2189 inde
1244 2155 1325 2187 non
1371 2141 1508 2188 solum
1555 2143 1597 2188 in
1646 2143 1772 2188 inter-

232 2224 444 2286 pretandis
479 2227 667 2270 veterum
703 2226 869 2283 scriptis
905 2223 1192 2269 adiumentum
1229 2225 1482 2282 comparari,
1527 2224 1600 2269 sed
1648 2225 1774 2269 eliam

234 2306 364 2369 (quod
398 2306 693 2365 gravissimum
730 2305 814 2365 est)
851 2305 1142 2362 antiquissimo
1181 2303 1469 2351 Romanorum
1504 2305 1583 2350 iuri
1609 2303 1776 2363 publico

235 2385 470 2453 enarrando
507 2384 663 2445 aliquid
698 2385 804 2431 lucis
839 2382 991 2430 adferri
1028 2395 1148 2443 posse
1182 2382 1388 2430 videatur.

363 2480 478 2533 Quae
513 2491 605 2523 cum
651 2479 709 2522 ita
758 2478 856 2536 sint,
905 2490 985 2522 non
1032 2488 1400 2535 supervacaneum
1449 2489 1539 2521 esse
1586 2474 1782 2520 duximus

238 2573 388 2607 novam
424 2558 746 2619 explicationem
781 2557 894 2604 illius
919 2555 1172 2617 perdifficilis
1197 2557 1311 2604 vocis
1335 2557 1508 2603 tentare.
1534 2554 1783 2614 Priusquam

239 2655 337 2688 vero
374 2640 426 2687 ad
472 2639 527 2699 id„
572 2639 678 2698 quod
716 2640 972 2699 propositum
1008 2637 1229 2697 habemUS,
1264 2639 1557 2697 accingamur,
1603 2634 1784 2683 breviter

241 2722 358 2775 uobis
395 2719 711 2787 perlustrandae
747 2723 845 2771 sunt
880 2720 1181 2787 originationes
1216 2719 1299 2769 iam
1345 2716 1399 2767 ab
1447 2717 1546 2763 aliis
1593 2715 1786 2781 prolalae
