2120 3257
1029 182 1053 218 3

265 325 452 372 veterum
488 327 662 388 vestigia
700 329 905 388 premunt,
943 329 987 375 ut
1021 327 1159 377 Rein
1194 331 1236 378 in
1273 328 1396 384 libro,
1424 342 1545 390 quem
1570 328 1618 376 de
1644 327 1809 388 publico

267 405 545 452 Romanorum
580 409 668 454 iure
703 410 952 468 conscripsit
987 414 1045 468 (p.
1082 411 1214 472 450),
1249 425 1371 470 porro
1397 413 1644 471 interpretes
1670 410 1809 456 Rosci-

265 499 386 546 anae„
424 490 468 533 ut
516 487 685 549 Halm,
732 488 1032 550 Landgraf,
1080 493 1283 552 imprimis
1330 494 1469 540 autem
1517 490 1805 553 lexicographi

267 566 462 629 (Klotz,
499 568 758 625 Vanicek,
796 570 972 631 Breal,
1008 570 1171 631 ceteri).

396 648 511 703 Quae
545 651 586 696 in
624 651 775 710 vulgus
820 652 994 710 probata
1043 653 1242 700 derivat-io
1279 654 1420 701 multis
1472 653 1708 700 nominibus
1756 653 1808 700 ad

267 730 441 776 nihilum
478 729 618 778 reduci
654 735 795 790 potest.
830 733 933 781 Nam
980 737 1154 793 primum
1191 737 1209 781 t
1239 736 1405 783 litterae
1450 737 1492 782 in
1527 750 1553 781 r
1587 738 1807 783 conversio

267 823 462 858 sonorum
515 812 677 873 legibus
736 818 940 875 repugnat
975 829 1108 875 neque
1163 818 1367 877 exemplis
1401 819 1553 864 muniri
1600 818 1805 876 potest¹).

268 892 420 938 Contra
459 905 508 938 ea
544 897 862 942 consonantium
898 897 939 942 tr
974 898 1015 943 in
1041 897 1175 944 media
1211 911 1312 945 voce
1341 899 1581 958 complexio
1607 902 1692 946 tam
1718 903 1805 946 sta-

269 972 365 1019 bilis
410 974 609 1033 firmaque
644 979 722 1030 est„
759 981 803 1023 ut
837 992 918 1024 non
955 980 1090 1025 solum
1125 981 1166 1024 in
1213 981 1362 1025 ceteris
1397 982 1485 1026 eius
1510 980 1618 1027 modi
1639 994 1806 1040 compo-

267 1055 374 1114 sitis,
399 1054 515 1102 velut
558 1056 788 1111 matricida,
811 1057 1042 1118 fratricida,
1061 1060 1368 1118 patrimonium,
1396 1059 1503 1107 nihil
1530 1073 1713 1119 unquam
1735 1062 1804 1107 im·

267 1138 472 1182 mutatum
508 1138 762 1193 inveniatur,
810 1137 881 1184 sed
916 1140 958 1184 in
992 1141 1079 1199 ipso
1127 1142 1258 1198 patris
1295 1143 1458 1186 nomine
1510 1143 1552 1186 in
1603 1140 1805 1188 Italorum

267 1228 368 1263 voce
409 1216 588 1276 «padre»
630 1231 755 1265 sonus
790 1217 971 1266 dentalis
1002 1233 1113 1267 nunc
1148 1234 1313 1280 quoque
1339 1223 1476 1281 vigeat
1493 1218 1546 1283 2).
1578 1222 1703 1269 Porro
1727 1223 1803 1269 illa

266 1295 519 1344 derivatione
554 1302 726 1359 accepta
765 1300 881 1347 nullo
918 1303 1041 1359 pacto
1076 1302 1279 1361 explicari
1315 1305 1453 1361 posset
1488 1304 1697 1363 scriptura
1736 1317 1806 1363 pa-

267 1377 398 1424 ricidii
434 1380 547 1426 vocis
593 1393 664 1439 per
700 1393 828 1428 unum
874 1395 913 1440 r,
959 1395 1065 1441 quae
1110 1396 1191 1430 non
1237 1384 1369 1430 solum
1416 1385 1459 1430 in
1503 1386 1806 1444 antiquissimis

269 1459 499 1520 codicibUS‚
534 1460 606 1507 sed
641 1463 766 1509 etiam
802 1464 844 1508 in
880 1462 1219 1522 inscriptionibus
1272 1477 1574 1524 nonnunquam
1609 1471 1801 1513 recurrit.

396 1554 602 1615 Expositis
646 1558 1014 1616 grammaticorum
1065 1559 1275 1618 scrupulis
1327 1559 1649 1620 perpendamuS,
1703 1575 1802 1608 num

267 1637 567 1694 antiquissimis
602 1637 740 1696 populi
776 1636 951 1684 Romani
987 1638 1257 1699 temporibus,
1276 1639 1324 1684 de
1348 1641 1499 1698 quibus
1524 1642 1591 1686 liic
1606 1643 1805 1700 imprimis

267 1717 420 1776 agitur,
457 1720 630 1775 paterna
665 1716 815 1764 caedes
850 1719 1017 1764 omnino
1054 1721 1212 1777 patrari
1251 1722 1452 1777 potuerit3
1492 1720 1541 1766 de
1577 1734 1655 1779 quo
1683 1721 1805 1767 valde

268 1796 449 1843 dubitari
486 1800 627 1856 potest.
664 1797 763 1853 Quis
797 1799 904 1843 enim
942 1800 1017 1856 est,
1041 1800 1112 1856 qui
1147 1799 1322 1858 ignoret,
1356 1802 1515 1858 quauta
1551 1802 1803 1847 auctoritate

268 1878 404 1936 patria
450 1879 649 1937 potestaS,
694 1877 734 1924 id
780 1882 842 1924 est
893 1879 1033 1925 «vitae
1085 1882 1279 1939 necisque
1314 1880 1357 1926 in
1391 1880 1522 1927 filiuni
1575 1884 1807 1941 potestas»,

266 2104 499 2134 recensionem
524 2104 601 2134 vide
636 2104 672 2134 in
706 2103 903 2144 Voigtii
938 2105 1136 2136 doctissima
1171 2105 1406 2144 disputatione
1441 2106 1482 2136 de
1517 2105 1653 2147 legibus
1689 2108 1808 2147 regiis*

266 2163 398 2192 inserta
424 2160 621 2193 Annalibus
643 2161 822 2193 Societatis
847 2162 1079 2193 Scientiarum
1115 2163 1315 2202 Saxonicae„
1341 2166 1366 2194 t..
1401 2162 1465 2193 VII
1499 2164 1546 2202 (a.
1571 2163 1674 2204 1879)
1709 2175 1740 2206 p.
1768 2165 1809 2196 58

265 2221 344 2251 adn.
371 2220 444 2252 132.

395 2291 425 2327 ¹)
447 2289 667 2321 Recentiores
686 2300 792 2320 unum
821 2294 958 2321 tantum
997 2291 1196 2331 exemplum
1221 2292 1372 2322 dentalis
1397 2294 1451 2331 (d)
1488 2295 1522 2322 in
1560 2294 1732 2333 liquidam
1758 2298 1810 2333 (r)

268 2350 422 2389 mutatae
447 2349 481 2379 in
507 2348 618 2380 media
640 2358 720 2380 voce¹
744 2354 938 2390 agnoscunt
962 2351 998 2381 in
1027 2350 1207 2382 ‹meridie›
1236 2361 1296 2392 pro
1325 2351 1511 2383 ‹medidie›
1533 2352 1660 2385 collato
1685 2363 1809 2395 graeco

266 2410 433 2441 vocabulo
457 2408 621 2449 μεσημβρία
645 2410 704 2448 (ef.
727 2409 749 2440 S
763 2412 777 2439 t
790 2419 808 2440 o
822 2410 834 2440 l
850 2420 865 2439 z
880 2411 891 2440 i
906 2410 917 2440 i
944 2409 1175 2441 ‹Histoi-iscire
1189 2410 1408 2443 Grammatik
1423 2412 1483 2443 der
1497 2412 1619 2445 latein.
1636 2413 1807 2454 Spraclie»

268 2470 280 2500 1
308 2470 338 2510 1,
361 2479 394 2511 p.
415 2468 506 2509 233),
529 2478 634 2509 quam
658 2468 806 2500 formam
830 2467 941 2501 Varro
964 2469 1031 2509 (De
1056 2470 1080 2501 l.
1107 2469 1130 2502 1.
1155 2468 1203 2501 VI
1228 2470 1266 2509 4)
1289 2472 1326 2502 iu
1351 2471 1576 2504 Praenestino
1603 2473 1734 2504 solario
1758 2474 1809 2504 in-

266 2529 370 2558 cisam
395 2527 491 2568 legit.
521 2528 681 2558 Attamen
711 2527 907 2559 «meridies»
936 2528 1079 2560 sortasse
1098 2534 1219 2560 nutum
1245 2532 1353 2562 estex
1376 2530 1540 2572 analogia
1565 2532 1807 2564 adverbiorum

267 2587 391 2628 pridie*
416 2587 596 2628 postridie„
621 2588 710 2627 quod
735 2589 745 2617 i
769 2596 902 2628 quoque
928 2589 1133 2629 productum
1158 2589 1315 2621 indicare
1339 2591 1490 2622 videtur.

397 2656 424 2696 ²)
448 2657 568 2697 Itaque
592 2657 788 2698 respuenda
824 2660 875 2688 est
917 2657 1113 2691 Braulii
1148 2659 1190 2696 (l.
1210 2659 1251 2701 1.)
1292 2660 1504 2702 explicatio:
1547 2660 1814 2701 «Parricidium7

264 2718 391 2757 inquit,
415 2717 572 2758 presente
596 2728 643 2748 un
668 2719 826 2760 exempla
850 2719 890 2750 de
915 2726 945 2751 ιν
968 2719 1103 2761 change
1126 2731 1168 2752 en
1193 2730 1250 2753 rr:
1273 2720 1356 2754 c‘est
1391 2722 1654 2761 probablement
1677 2734 1717 2753 un
1746 2724 1812 2759 faie

267 2777 306 2809 dc
324 2779 555 2821 prononciation
573 2778 764 2821 populaire»,
